2092 3470
139 197 246 239 Cn.
268 196 376 249 ΙΙΙ.]
645 197 735 239 AD
764 197 1061 241 TERTIUM
1093 198 1357 242 LIBRUM.
1419 231 1430 238 .
1715 201 1849 243 xxxiii

134 312 323 368 trajicere
349 311 428 355 visi
446 319 556 354 sunt.
619 311 748 355 Unde
776 321 924 355 notum
951 313 1108 355 factum
1136 319 1222 354 est·
1238 313 1432 355 Planetas
1452 315 1545 357 illos
1564 326 1654 358 esse
1672 328 1850 369 corpora

134 386 268 440 opaca
299 401 325 427 a
360 385 458 427 Sole
491 384 706 427 illustrata.
768 386 822 427 In
850 386 969 436 Jove,
1002 385 1146 427 Marte
1165 399 1214 427 ac
1234 385 1400 426 Venere
1418 388 1594 428 maculae
1619 387 1849 430 observatae

133 456 302 498 fuerunt
313 471 490 513 quarum
501 465 641 499 motus
656 457 905 513 rotationem
921 457 1088 498 illorum
1101 456 1364 511 planetarum
1378 454 1488 497 circa
1498 459 1716 511 proprium
1728 473 1850 501 axem
1907 449 1914 455 ⁵

132 528 295 583 probat.
367 526 493 570 Circa
510 528 666 570 Jovem'
680 531 859 585 quatuor
878 529 1037 571 revolvi
1056 529 1251 570 videntur
1269 527 1426 569 lunulae
1445 528 1563 570 Jovis
1582 543 1734 584 ‘corpus
1753 545 1850 586 per-

131 599 261 657 petuo
290 600 545 642 comitantes.
606 601 715 643 Sunt
743 616 887 642 omnes
917 609 965 642 ut
993 609 1035 642 et
1063 601 1229 655 Jupiter
1247 600 1336 655 ipse
1363 612 1539 655 corpora
1559 615 1690 655 opaca
1707 602 1849 644 lumen

136 685 257 714 suum
272 686 299 713 a
315 671 413 713 Sole
426 671 681 721 mutuantia3
702 686 800 712 nam
813 671 918 713 Jove
937 665 1046 713 inter
1064 671 1176 726 ipsas
1191 679 1232 712 et
1249 670 1390 712 Solem
1409 670 1705 712 diametraliter
1724 671 1852 712 inter-

135 745 288 801 posito,
303 787 308 796 ,
324 745 482 786 lumine
515 745 735 800 privantur
769 753 811 786 et
844 744 955 786 caelo'
981 747 1128 786 sereno
1163 751 1440 793 evanescunt;
1477 743 1550 784 ubi
1579 742 1680 784 vero
1714 743 1851 799 aliqua

124 816 306 858 ·Jovialis
335 816 506 858 Lunula
533 816 642 858 inter
674 816 814 859 Solem
835 824 878 857 et
895 816 1045 858 Jovem
1063 815 1225 865 transit,
1248 815 1336 870 ejus
1356 814 1507 856 umbra
1526 814 1657 856 instar
1675 814 1851 855 maculae

134 887 268 945 nigrae
300 903 350 929 ac
383 887 576 929 rotimdae
606 887 851 929 observatur
889 887 934 928 in
973 887 1065 942 ipso
1096 886 1214 928 Jovis
1248 885 1377 927 disco.
1458 885 1658 942 Quinque
1694 886 1852 940 pariter

135 959 318 1001 Lunulae
342 959 568 1001 Saturnum
588 959 838 1000 comitantur
856 966 899 1000 et
919 957 1030 999 circa
1050 972 1146 999 eum
1165 957 1443 999 revolutiones
1465 971 1560 998 suas
1579 965 1711 1014 agunt
1729 957 1851 998 lumi-

135 1047 274 1088 neque
298 1031 518 1087 privantur
546 1030 649 1072 dum
681 1030 788 1072 radii
811 1030 975 1072 Solares
997 1045 1022 1070 a
1044 1029 1214 1081 Saturni
1233 1043 1408 1083 corpore
1428 1042 1562 1083 opaco
1579 1028 1851 1083 intercipiun-

134 1112 216 1146 tur.
274 1102 498 1159 Hugenius
514 1116 568 1144 ex
585 1102 767 1158 propriis
778 1101 1140 1144 ‘observationibus
1160 1101 1300 1143 intulit
1317 1101 1547 1143 Saturnum
1566 1101 1678 1158 cingi
1697 1101 1852 1143 annulo

135 1175 262 1225 tenui,
292 1175 434 1230 plano,
463 1189 670 1231 nusquam
697 1174 932 1217 cohaerente
961 1190 1057 1216 cum
1086 1189 1260 1230 corpore
1279 1174 1510 1217 Saturniet
1529 1174 1586 1216 ad
1606 1174 1853 1230 Eclipticam

136 1248 361 1297 inclinat03
392 1262 486 1304 quae
520 1247 777 1304 hypothesis,
809 1249 844 1290 si
863 1246 922 1290 ita
940 1263 1052 1290 nunc
1071 1256 1208 1304 potest
1229 1247 1442 1303 appellari,
1463 1262 1551 1289 non
1571 1247 1707 1289 solum
1728 1248 1853 1291 Phae-

133 1318 324 1360 nomenis
350 1318 404 1359 ab
435 1317 640 1375 Hugenio
667 1318 908 1368 observatis,
937 1318 1012 1360 sed
1041 1326 1083 1360 et
1111 1318 1202 1360 aliis
1230 1318 1422 1373 plurimis
1457 1334 1554 1374 quae
1581 1319 1734 1375 magna
1761 1319 1855 1360 dili-

134 1390 275 1449 gentia
305 1406 331 1432 a
361 1391 538 1432 Cassino
566 1399 609 1432 et
645 1391 844 1432 Maraldo
873 1390 1092 1432 observata
1116 1389 1233 1431 fuere
1268 1389 1475 1431 satisfacit.
1550 1390 1744 1431 Tandem
1777 1405 1855 1446 per

134 1465 406 1520 telescopium
434 1464 564 1506 stellae
592 1464 717 1522 longe
743 1465 884 1520 plures
905 1479 1031 1521 quam
1051 1463 1173 1505 oculo
1192 1462 1307 1504 nudo
1327 1470 1576 1512 cernuntur‘3
1610 1462 1751 1505 Stellae
1769 1463 1853 1504 illae
1917 1519 1923 1525 ι

135 1553 239 1594 quas
267 1538 490 1580 nebulosas
520 1538 664 1579 dicunt
692 1546 734 1580 et
753 1539 917 1595 integra
949 1538 1016 1578 via
1047 1536 1181 1578 lactea
1199 1535 1311 1577 nihil
1325 1535 1440 1576 aliud
1459 1543 1558 1576 sunt
1576 1550 1702 1591 quam
1720 1535 1851 1590 pluri-

132 1623 297 1650 marum
316 1608 527 1650 stellarum
548 1624 642 1665 quae
664 1608 785 1650 oculo
804 1623 891 1650 non
911 1608 1226 1665 distinguuntur
1246 1606 1475 1664 congeries.
1533 1606 1668 1647 Novae
1688 1621 1854 1663 quoque

133 1681 177 1722 in
216 1680 328 1722 caelis
367 1681 496 1722 stellae
525 1688 730 1737 apparent
759 1689 801 1722 et
826 1695 926 1737 quae
955 1679 1053 1721 ante
1083 1679 1347 1729 videbantur,
1379 1667 1684 1733 nonnunquam
1709 1677 1855 1719 incon-

137 1754 294 1809 spicuae
331 1754 452 1805 fiunt,
494 1754 661 1796 illarum
701 1753 895 1810 quaedam
944 1752 1216 1808 apparitionis
1256 1758 1299 1793 et
1336 1750 1618 1806 disparitionis
1657 1750 1854 1806 periodos

133 1826 292 1872 habent
311 1841 406 1883 quae
425 1826 649 1883 quamdam
667 1825 978 1883 regularitatem
1006 1824 1198 1866 obtinere
1217 1822 1423 1873 videntur,
1447 1836 1673 1878 earumque
1692 1821 1854 1878 magni-

133 1900 237 1941 tudo
256 1900 335 1941 sub
354 1900 472 1941 initio
492 1899 764 1955 apparitionis
783 1898 931 1940 crescit
950 1905 992 1939 et
1011 1897 1090 1938 sub
1109 1897 1238 1938 finem
1257 1895 1469 1937 decrescit.

191 1976 261 2012 42.
295 1971 341 2013 Si
362 1972 514 2027 saepius
534 1972 890 2014 observetur'tum
909 1978 1049 2012 motus
1072 1970 1181 2012 Solis
1200 1970 1245 2010 in
1267 1968 1471 2025 Ecliptica
1503 1968 1595 2024 (15)
1615 1975 1706 2010 tum
1724 1968 1854 2023 ipsius

133 2043 335 2086 diameter
368 2060 575 2100 apparens
611 2046 702 2101 (39)
739 2043 866 2101 quam
899 2044 994 2086 fieri
1022 2051 1162 2099 potest
1200 2040 1521 2091 accuratissime,
1559 2039 1670 2082 circa
1709 2040 1855 2082 datum

131 2123 336 2171 punctum
369 2115 414 2156 in
446 2116 575 2171 plano
605 2116 784 2157 describi
817 2115 972 2170 poterit
1001 2129 1130 2157 curva
1158 2113 1302 2155 similis
1332 2113 1481 2154 orbitae
1501 2125 1628 2167 quam
1651 2110 1725 2152 Sol
1745 2110 1856 2152 circa

131 2195 287 2229 terram
319 2202 566 2244 percurrere
596 2188 773 2230 videtur.
848 2188 961 2229 Nam
996 2186 1092 2228 cum
1122 2186 1313 2228 diametri
1349 2185 1471 2227 Solis·
1490 2192 1738 2239 apparentes
1772 2184 1856 2225 sint

132 2259 345 2315 reciproce
374 2266 423 2301 ut
451 2260 582 2315 ipsius
614 2275 639 2301 a
667 2259 816 2301 tellure
845 2259 1069 2309 distantiae,
1102 2273 1156 2299 ex
1185 2258 1292 2299 datis
1321 2257 1533 2299 diametris
1559 2255 1855 2312 apparentibus

133 2329 286 2373 dantur
316 2331 606 2373 distantiarum
633 2331 815 2372 rationes
845 2339 887 2372 et
916 2345 970 2372 ex
1001 2331 1100 2372 dato
1129 2329 1237 2371 Solis
1257 2337 1375 2370 motu
1394 2329 1438 2369 in
1459 2328 1679 2384 Ecliptica,
1702 2328 1856 2369 dantur

133 2402 276 2460 anguli
294 2403 403 2444 inter
421 2403 512 2445 illas
532 2403 748 2444 distantias
768 2402 966 2444 contenti.
1007 2452 1010 2455 Ι
1030 2402 1075 2443 Si
1095 2399 1197 2443 vero
1218 2415 1272 2442 ex
1290 2400 1532 2456 hujusmodi
1553 2399 1854 2441 observationi-

133 2474 212 2515 bus
242 2474 508 2516 conferantur
536 2475 730 2516 diametri
760 2482 1010 2530 apparentes
1034 2474 1142 2517 Solis
1163 2488 1259 2515 cum
1278 2473 1408 2528 ipsius
1429 2472 1620 2529 angulari
1638 2471 1855 2513 velocitate
1919 2470 1922 2472 ’

135 2545 246 2587 circa
274 2554 440 2598 terram,
475 2555 648 2603 apparet
677 2562 793 2589 areas
825 2563 927 2604 quas
960 2547 1034 2589 Sol
1058 2547 1178 2588 radio
1198 2546 1253 2588 ad
1272 2554 1426 2587 terram
1447 2545 1575 2587 ducto
1593 2545 1734 2594 verrit,
1765 2559 1855 2587 esse

135 2619 394 2674 temporibus
412 2620 758 2675 proportionales,
780 2620 971 2677 Solisque
991 2620 1169 2662 orbitam
1184 2634 1271 2661 non
1284 2619 1463 2661 multum
1478 2619 1644 2660 differre
1657 2633 1684 2660 a
1697 2618 1854 2660 circulo

138 2698 181 2733 et
207 2690 355 2732 haberi
382 2706 506 2746 posse
534 2706 614 2748 pro
643 2691 778 2748 ellipsi
799 2693 915 2747 cujus
936 2691 1179 2734 umbilicum
1200 2691 1376 2733 alterum
1397 2698 1574 2745 occupat
1593 2697 1715 2731 terra.
1776 2688 1851 2731 Est

139 2771 280 2805 autem
303 2763 412 2805 Solis
433 2762 634 2806 diameter
654 2780 859 2821 apparens
880 2765 1065 2813 maxima
1087 2767 1151 2807 32¹
1174 2767 1265 2815 40⁰,
1289 2772 1330 2806 et
1349 2765 1522 2806 minima
1542 2763 1611 2806 31¹
1631 2765 1708 2806 36“
1732 2761 1855 2819 juxta

138 2834 198 2878 D.
234 2835 397 2876 Cassini
425 2834 470 2875 in
501 2835 676 2878 Tabulis
704 2836 1010 2878 Astronomicis
1055 2845 1097 2878 et
1124 2835 1221 2878 ideo
1250 2835 1433 2877 maxima
1462 2834 1656 2876 distantia
1692 2834 1800 2876 Solis
1829 2849 1854 2875 a

139 2906 250 2949 terra
271 2915 334 2950 est
353 2908 405 2950 ad
428 2907 666 2950 distantiam
684 2910 900 2951 minimam
921 2917 969 2951 ut
990 2910 1058 2951 32'
1087 2909 1165 2951 40st
1196 2908 1253 2950 ad
1284 2910 1348 2949 31‘
1373 2907 1466 2958 36'',
1488 2906 1573 2948 sive
1593 2914 1641 2948 ut
1663 2913 1774 2949 1960
1800 2906 1855 2947 ad

144 2983 254 3020 1896
291 2979 469 3030 circiter,
508 2979 595 3025 sive
631 2985 714 3022 245
742 2980 797 3022 ad
828 2985 926 3025 237.
1005 2980 1074 3022 Ex
1114 2979 1315 3021 similibus
1355 2978 1722 3028 observationibus,
1764 2986 1853 3022 tum

185 3049 266 3082 Vox..
286 3052 356 3083 111.
1035 3052 1061 3082 C
