2092 3470
153 199 302 242 Lmen
322 195 559 252 Tam-rua]
617 197 943 241 PRINCIPIA
968 197 1462 244 MATHEMATICA.
1797 211 1852 259 la

152 315 204 370 (θ)
233 315 421 371 ideoque·
441 318 534 370 (per
562 329 612 355 33
639 329 733 370 quae
762 314 959 355 dicuntur
980 313 1025 353 in
1047 313 1188 355 Corol.
1210 319 1250 354 2.
1274 315 1400 369 Prop.
1423 316 1564 359 XLV.
1587 319 1682 360 Lib.
1705 319 1758 372 Ι.)
1789 327 1851 361 est
1908 346 1915 352 -

152 387 206 430 ad
236 387 372 429 Lunae
398 387 484 428 vim
513 387 783 441 centripetam
802 394 849 428 ut
872 391 898 426 2
919 385 974 427 ad
995 389 1149 435 357,45
1171 385 1346 435 circiter,
1369 400 1442 426 seu
1466 392 1484 426 l
1510 388 1564 427 ad
1587 391 1733 444 1783—3.
1793 390 1864 441 Et,

88 455 91 458 ¹
148 458 335 516 neglecta
357 458 464 500 Solis
483 459 525 499 vi
543 458 715 509 tantilla,
736 459 798 500 vis
818 459 978 514 reliqua
997 457 1077 514 qua
1099 457 1221 499 Luna
1241 458 1442 499 retinetur
1461 459 1505 499 in
1525 461 1627 502 orbe
1647 463 1724 504 erit
1744 463 1851 504 reci-

148 528 275 586 proce
301 537 348 571 ut
375 528 460 572 ΒΞ.
539 529 591 571 Id
625 529 738 585 quod
766 530 890 570 etiam
918 529 1082 584 plenius
1111 529 1317 570 constabit
1346 528 1599 571 conferendo
1628 532 1735 574 hanc
1764 534 1850 575 vim

149 615 243 642 cum
262 600 304 641 vi
324 600 549 658 gravitatis,
571 607 618 640 ut
637 599 685 641 fit
702 600 746 640 in
766 600 1048 655 propositione
1068 607 1277 655 sequente.

169 675 172 678 '
207 673 338 713 Corol.
361 672 409 726 (Ε)
429 671 474 712 Si
493 670 555 711 vis
574 671 801 725 centripeta
819 671 1038 713 mediocris
1058 670 1139 727 qua
1161 671 1285 713 Luna
1303 672 1503 714 retinetur
1522 673 1566 713 in
1585 673 1686 714 orbe
1701 689 1851 730 augea-

147 752 215 786 tur
242 741 379 798 primo
407 743 452 784 in
479 742 637 783 ratione
668 746 802 799 177222}
831 742 886 784 ad
917 746 968 786 17
972 742 1236 798 8}g‚vdeinde
1256 744 1381 785 etiam
1400 744 1445 785 in
1463 744 1622 786 ratione
1642 745 1850 801 duplicata

146 813 438 856 semidiametri
471 812 513 853 T
514 827 618 853 errae
652 812 706 853 ad
737 812 990 853 mediocrem
1023 812 1259 854 distantiam
1298 814 1428 855 centri
1469 814 1604 856 Lunae
1643 830 1669 855 a
1707 823 1850 859 centro

146 886 189 927 T
189 901 315 927 errae
359 886 578 927 habebitur
604 885 665 926 vis
700 884 925 939 centripeta
952 885 1108 926 lunaris
1143 885 1197 926 ad
1226 886 1488 940 superficiem
1518 886 1676 936 Terrae,
1710 887 1849 942 posito

145 956 258 1013 quod
276 956 337 997 vis
357 956 428 996 illa
441 954 731 997 descendendo
745 954 799 995 ad
819 954 1079 1010 superficiem
1093 955 1239 997 Terrae
1248 956 1461 1012 perpetuo
1467 965 1668 1014 augeatur
1686 957 1731 999 in
1744 959 1849 1000 reci-

143 1025 272 1082 proca
293 1026 518 1108 altitudinis
537 1026 698 1067 ratione
717 1024 939 1080 duplicata.

483 1183 862 1227 PROPOSITIO
892 1184 970 1226 IV.
1032 1185 1398 1229 THEOREMA
1428 1187 1506 1229 IV.

141 1319 302 1361 Lunam
311 1320 516 1376 gravitate
531 1321 576 1360 in
596 1321 776 1369 Terram,
793 1326 831 1360 et
845 1321 887 1361 vi
900 1322 1119 1374 gravitatis
1133 1323 1290 1364 retrahi
1303 1337 1453 1377 seraper
1465 1338 1494 1364 a
1508 1330 1614 1364 motu
1626 1323 1845 1374 rectilineo,

741 1399 780 1434 et
799 1393 843 1432 in
863 1392 956 1433 orbe
974 1406 1045 1434 suo
1062 1394 1243 1435 retineri.

198 1527 334 1568 Lunae
353 1526 545 1567 distantia
563 1526 782 1569 mediocris
803 1541 828 1566 a
848 1525 982 1567 Terra
1003 1527 1047 1567 in
1068 1529 1243 1586 syzygiis
1264 1538 1326 1570 est
1345 1530 1744 1571 semidiametrorum
1762 1538 1844 1572 ter-

139 1599 342 1649 restrium,
357 1597 583 1640 secundum
601 1598 873 1639 Ptolemaeum
885 1605 926 1638 et
939 1598 1162 1655 plerosque
1179 1608 1513 1642 astronomorum
1529 1607 1597 1651 59,
1616 1601 1844 1643 secundum

140 1668 416 1711 Vendelinum
450 1676 491 1710 et
526 1668 772 1725 Hugenium
806 1674 876 1718 60,
909 1667 1139 1711 secundum
1183 1666 1464 1726 Copernicum
1493 1674 1588 1725 603¹„
1618 1671 1845 1714 secundum

138 1803 294 1843 praecipua
317 1809 369 1834 est
387 1803 467 1835 Solis
494 1803 575 1834 actio
603 1802 643 1833 ad
671 1798 842 1843 apogaeumv
865 1802 967 1833 Lunae
1011 1804 1096 1845 quod
1123 1805 1148 1836 si
1172 1816 1209 1837 ex
1233 1805 1263 1835 vi
1289 1806 1484 1837 decrescente
1500 1805 1674 1836 secundum
1696 1806 1845 1847 quadrata

138 1846 337 1883 movendum,
361 1845 444 1876 unde
465 1846 594 1882 effectus
611 1845 762 1876 resultans
780 1845 927 1884 pendebit
950 1855 969 1876 a

137 1887 312 1918 differentia
331 1898 437 1918 earum
459 1888 617 1918 actionum
639 1898 708 1927 quae
730 1888 788 1917 erit
808 1888 888 1918 sicut
907 1887 966 1917 dis·

136 1930 234 1960 tantia
250 1930 350 1960 Lunae
364 1941 383 1961 a
399 1929 512 1960 Terra:
531 1930 581 1960 1731
594 1936 628 1960 111
643 1929 756 1960 melius
769 1940 817 1960 res
830 1929 965 1968 concipi-

137 1978 218 2008 atur,
241 1973 377 2012 fingatur
390 1973 522 2002 orbitam
538 1973 639 2002 Lunae
654 1972 738 2012 cingi
753 1972 894 2012 undique
910 1973 965 2002 So-

137 2014 220 2045 libus
234 2015 391 2055 aequaliter
404 2025 423 2044 a
436 2014 532 2044 Terra
546 2014 738 2050 distantibus,
751 2014 795 2044 113
809 2021 845 2044 ut
859 2014 965 2054 singu-

137 2057 208 2087 lum
228 2063 381 2095 punctum
402 2057 509 2086 orbitae
528 2056 645 2086 lunaris
666 2056 706 2085 sit
727 2056 821 2086 simul
835 2057 868 2086 in

136 2098 190 2140 gia
214 2105 246 2129 et
266 2098 471 2139 quadratura,
495 2098 568 2128 cum
585 2099 666 2128 actio
690 2097 796 2128 Solis
787 2109 820 2128 m
835 2099 968 2139 syzygia,

137 2143 218 2171 sicut
227 2147 259 2171 et
269 2141 348 2171 actio
362 2140 463 2171 Solis'
454 2151 485 2170 111
501 2138 698 2181 quadratura,
714 2140 754 2170 sit
768 2147 803 2170 ut
817 2140 970 2171 distantiae

137 2184 242 2215 Lunae
256 2194 276 2213 a
291 2182 398 2220 Terra,
417 2183 590 2213 differentia
605 2192 711 2212 earum
733 2183 890 2212 actionum
909 2183 968 2213 erit

137 2226 230 2256 etiam
244 2231 281 2256 ut
291 2226 436 2256 distantia
446 2226 547 2255 Lunae
558 2236 577 2255 a
591 2224 696 2259 Terra,
706 2224 760 2254 sed
769 2225 895 2255 effectus
906 2224 966 2255 dif-

135 2268 274 2299 serentiae
294 2278 400 2298 earum
421 2268 580 2298 actionum
601 2267 659 2297 erit
678 2266 759 2297 idem
775 2277 810 2297 ac
830 2266 861 2296 id
882 2267 966 2307 quod

136 2310 296 2341 restritabit
315 2321 351 2341 ex
374 2310 572 2341 translatione
589 2310 661 2340 dicti
677 2310 784 2348 puncti
806 2319 860 2348 per
879 2319 966 2348 syzy-

140 2353 226 2394 giam
239 2358 271 2383 et
284 2359 390 2392 postea
403 2362 458 2392 per
471 2352 709 2393 quadraturam.
734 2352 807 2382 hinc
821 2353 848 2381 si
862 2359 966 2382 motus

137 2395 256 2436 apogaei
278 2395 400 2426 medius
424 2401 606 2431 assumatur,
636 2395 664 2424 is
685 2394 831 2432 pendebit
850 2395 889 2424 ab
913 2404 965 2424 ac-

135 2438 220 2468 tione
244 2437 320 2477 qud
341 2438 400 2468 erit
427 2445 465 2468 ut
492 2436 637 2468 distantia
666 2437 771 2467 Terrae
799 2447 819 2467 a
849 2435 962 2474 Luna;

135 2479 222 2510 addit
243 2487 355 2510 autem
362 2480 535 2510 Newtonus
553 2478 648 2519 quarn
677 2478 816 2518 proxime
841 2460 965 2518 proptei·

134 2523 288 2553 actionem
299 2522 332 2552 111
343 2523 465 2561 punctis
474 2522 552 2552 inter
561 2521 699 2562 syzygias
712 2527 744 2551 et
754 2521 964 2562 quadraturas,

135 2565 190 2595 aed
203 2574 273 2604 quae
287 2574 396 2603 parum
410 2565 489 2595 hanc
503 2564 655 2595 rationem
669 2565 814 2599 turbant3
837 2574 911 2594 nam
930 2563 965 2593 in

134 2607 258 2647 punctis
271 2606 460 2637 intermediis
475 2607 528 2637 ubi
542 2607 623 2637 actio
637 2605 700 2647 qua
715 2607 811 2636 Luna
822 2606 964 2637 distrahi-

134 2655 187 2680 tur
207 2659 227 2679 a
250 2649 346 2680 Terra
359 2650 459 2689 magis
471 2649 628 2679 recederet
642 2650 681 2679 ab
695 2650 753 2679 hac
766 2649 896 2685 ratione,
914 2658 965 2679 ac-

134 2691 234 2722 tiones
257 2691 435 2730 compositae
460 2701 526 2722 sese
551 2690 664 2722 mutuo
686 2691 850 2722 destruunt
878 2696 910 2721 et
930 2690 966 2720 in

132 2734 258 2774 punctis
272 2746 291 2765 a
304 2733 437 2774 syzygiis
450 2739 505 2764 aut
518 2744 538 2764 a
550 2733 745 2774 quadraturis
764 2743 827 2763 11011
841 2733 967 2763 13130115

133 2777 215 2807 actio
238 2777 318 2808 Solis
338 2775 477 2816 sequitur
494 2775 634 2815 proxime
649 2775 771 2807 easdem
785 2776 918 2807 rationes
931 2785 968 2806 ac

128 2818 168 2851 in
181 2819 255 2858 ipsis
271 2818 410 2858 syzygiis
423 2828 459 2848 ac
473 2818 687 2858 quadraturis3
702 2818 775 2848 hinc
790 2819 870 2849 actio
886 2817 966 2848 solis

135 2860 291 2901 quatenus
306 2861 432 2892 Lunam
446 2860 587 2891 distrahit
600 2871 620 2891 a
638 2860 746 2898 Terra,
768 2867 813 2891 est
827 2859 967 2900 proxime

133 2909 173 2934 ut
183 2903 327 2934 distantia
342 2903 446 2933 Terrae
459 2913 479 2933 3
494 2901 599 2933 Luna.

128 2970 132 2975 .
177 2945 222 2986 (ὖ)
240 2949 256 2965 ⁴
272 2946 404 2986 Ide6que
420 2956 477 2984 per
497 2956 533 2976 ea
553 2956 623 2985 quoe
635 2947 783 2977 dicuntur
796 2947 831 2977 in
847 2947 915 2977 Cor.
936 2948 966 2975 2.

137 2989 229 3028 Prop.
242 2989 307 3021 XL
317 2990 350 3019 V.
365 2989 436 3020 Lib.
451 2990 479 3020 I.
510 2990 526 3007 ‘
543 2987 668 3018 Dicitur
681 2987 714 3018 in
728 2998 766 3019 eo
782 2988 964 3024 corollario,

1011 1847 1223 1879 distantiarum
1238 1849 1396 1879 auferatur
1406 1849 1451 1879 vis
1461 1859 1532 1889 quae
1546 1855 1659 1878 crescat
1670 1849 1842 1879 secundum

1010 1889 1091 1929 ipsas
1116 1890 1281 1926 distantias,
1306 1901 1376 1932 quae
1401 1892 1441 1922 sit
1468 1891 1507 1921 ad
1535 1891 1668 1930 priorem
1698 1897 1734 1920 ut
1762 1895 1775 1921 1
1802 1892 1842 1923 ad

1009 1935 1139 1970 357.45,
1155 1940 1259 1963 motus
1273 1934 1482 1974 progressivus
1495 1933 1615 1973 apogaei
1634 1933 1692 1963 erit
1712 1933 1754 1963 1⁶.
1780 1935 1839 1965 31¹.

1010 1975 1068 2004 28¹¹
1090 1975 1124 2005 in
1146 1976 1269 2016 singula
1287 1976 1500 2013 revolutione;
1523 1982 1626 2006 motus
1647 1981 1752 2005 autem
1771 1986 1843 2015 pro-

1009 2018 1163 2057 gressivus
1198 2019 1317 2058 apogaei
1354 2018 1472 2049 lunaris
1510 2024 1557 2048 est
1594 2018 1714 2048 circiter
1745 2018 1843 2057 dupio

1014 2060 1155 2097 velocior,
1171 2061 1243 2091 hinc
1258 2061 1303 2090 vis
1316 2060 1370 2091 illa
1389 2061 1526 2092 ablatitia
1540 2060 1631 2090 debet
1645 2070 1710 2089 esse
1723 2060 1764 2090 ad
1778 2061 1842 2091 vim

1014 2101 1117 2132 Lunae
1131 2104 1330 2143 centripetam
1346 2110 1382 2134 ut
1396 2107 1416 2135 2
1431 2103 1470 2133 ad
1489 2106 1609 2134 357.45
1624 2102 1688 2132 sive
1702 2109 1738 2132 ut
1755 2105 1783 2133 1.
1800 2103 1842 2134 ad

1057 2211 1104 2253 (Ε)
1127 2214 1144 2231 ¹*
1168 2214 1200 2242 Si
1222 2213 1264 2242 vis
1284 2212 1447 2251 cemrijma
1467 2211 1631 2241 mediocris.
1680 2209 1839 2245 Quoniam

1011 2254 1057 2283 vis
1070 2253 1207 2284 ablatitia
1224 2253 1303 2283 Solis
1324 2260 1370 2283 est
1383 2252 1424 2283 ad
1438 2253 1500 2282 vim
1514 2253 1715 2292 centripetam
1736 2252 1840 2282 Lunae

1008 2311 1045 2335 ut
1067 2309 1080 2335 l
1104 2305 1144 2336 ad
1165 2296 1288 2348 ΙἹΒέ-ἓ,
1313 2306 1339 2336 51
1357 2306 1403 2336 vis
1424 2306 1561 2342 ablatitia
1584 2306 1665 2337 Solis
1678 2307 1717 2336 sit
1735 2309 1762 2342 1,
1783 2306 1842 2336 erit

1009 2358 1055 2387 vis
1069 2357 1236 2397 centripeta
1252 2358 1354 2388 Lunae
1371 2349 1492 2407 1783231
1514 2358 1646 2398 ideeque
1660 2357 1796 2388 detracta
1808 2357 1840 2387 vi

1000 2400 1143 2430 »ablatitia
1167 2400 1256 2437 Solis,
1279 2401 1336 2431 erit
1355 2401 1401 2431 vis
1417 2401 1518 2431 Lunae
1532 2411 1600 2450 qua·
1608 2399 1714 2430 revera
1728 2399 1839 2430 retine-

1006 2449 1057 2473 tur
1070 2443 1103 2472 in
1117 2442 1217 2473 orbita
1231 2453 1286 2473 sua
1300 2454 1355 2483 per
1369 2443 1432 2473 vim
1445 2443 1550 2474 Terrae
1558 2443 1710 2473 minutam
1719 2442 1840 2473 actione

1011 2495 1091 2528 Solis
1108 2486 1231 2538 ΓΠΞ-ἳ.
1281 2495 1387 2532 Quare
1401 2496 1427 2526 si
1442 2496 1487 2526 vis
1497 2495 1660 2527 mediocris
1670 2506 1734 2536 qua
1745 2495 1840 2526 Luna

1007 2551 1158 2581 retinetur
1187 2550 1220 2579 in
1248 2552 1331 2587 orbe,
1361 2557 1511 2591 augeatur
1529 2550 1563 2580 in
1586 2549 1703 2580 ratione
1726 2539 1838 2592 1772-8-

1007 2603 1048 2635 ad
1065 2593 1188 2646 1782-3,
1204 2602 1391 2633 obtinebitur
1405 2612 1477 2632 vera
1490 2601 1536 2632 vis
1547 2602 1649 2632 Lunae
1660 2602 1837 2641 centn-ipen,

1008 2645 1109 2687 qualis
1136 2645 1216 2675 foret
1243 2645 1269 2675 si
1298 2645 1386 2675 nulla
1408 2651 1486 2676 esset
1508 2645 1588 2675 actio
1613 2645 1701 2674 Solis.
1748 2644 1838 2674 Hinc

1007 2689 1106 2728 posito
1120 2687 1203 2728 quod
1218 2687 1263 2717 vis
1277 2687 1331 2718 1113
1351 2687 1566 2718 descendendo
1586 2686 1626 2717 ad
1646 2687 1838 2726 mperficiem

1011 2731 1117 2762 Terrae
1124 2729 1275 2770 perpetua
1286 2737 1436 2771 augeatur
1449 2730 1483 2759 in
1497 2728 1652 2768 reciproca
1665 2729 1838 2760 altitudinis

1010 2784 1066 2805 seu
1086 2772 1239 2804 distantiae
1252 2783 1271 2803 a
1289 2779 1396 2803 centro
1412 2772 1517 2802 Terrae
1533 2772 1653 2802 ratione
1669 2771 1837 2811 duplicata,

1009 2822 1046 2847 ut
1063 2817 1212 2846 habeatur
1230 2815 1275 2844 vis
1296 2815 1464 2854 centripeta
1487 2815 1519 2844 in
1540 2814 1701 2853 superficie
1721 2815 1837 2851 Terrae,

1010 2858 1177 2889 dicendum
1194 2863 1241 2888 est
1254 2863 1290 2887 ut
1303 2857 1488 2897 quadratum
1501 2856 1718 2888 semidiametri
1735 2857 1839 2888 Tenae

1010 2902 1050 2932 ad
1071 2900 1255 2941 quadratum
1276 2899 1429 2929 distantiae
1442 2898 1604 2929 mediocris
1617 2900 1714 2930 centri
1734 2900 1839 2930 Lunae

1009 2955 1029 2974 a
1046 2950 1151 2974 centro
1172 2943 1284 2978 Terrae,
1307 2940 1351 2971 ita
1371 2942 1416 2971 vis
1434 2941 1601 2981 eentripeta
1618 2942 1658 2973 ad
1679 2949 1835 2984 quartum,

1008 2986 1092 3027 quod
1106 2986 1164 3016 erit
1178 2985 1223 3015 vis
1237 2985 1269 3015 in
1283 2983 1443 3024 superficie
1459 2985 1572 3016 Terrae.

950 3043 1027 3075 D4
