2092 3470
258 224 340 261 222
653 219 737 266 DE
769 217 971 261 CAUSA
1005 217 1278 261 PHYSICA
1311 217 1562 263 FLUXUS

256 333 460 382 distantiae
480 333 532 374 ab
552 348 643 383 axe,
665 341 705 374 et
725 334 830 376 vires
852 333 1001 389 quibus
1022 342 1226 389 urgentur
1244 331 1384 375 versus
1405 334 1575 389 planum
1594 337 1827 391 oequatoris‚
1856 332 1964 380 sunt*

256 404 310 445 ad
331 419 374 446 se
394 405 579 455 invicem,
601 413 647 446 ut
666 405 829 446 illarum
850 403 1056 445 distantiae
1077 403 1129 444 ab
1150 403 1229 444 hoc
1248 403 1386 458 plano.

315 477 406 518 Cor,
428 481 468 518 ⁶2.
501 473 785 531 Repraeseutet
806 477 846 516 A
870 475 951 515 vim
973 473 1055 529 qua
1077 472 1276 527 sphaerois
1289 483 1416 529 rurget
1437 475 1679 528 particulam
1700 476 1739 516 in
1761 477 1849 519 axis
1869 482 1960 519 ter-'

256 548 369 590 mino
390 549 430 590 A
450 549 581 600 sitam,
616 550 653 591 B
682 550 763 591 vim
792 548 872 604 qua
903 547 1020 588 idem
1050 546 1226 588 solidum
1246 556 1366 604 urget
1393 549 1637 602 particulam
1658 550 1695 592 Β
1713 551 1756 592 in
1776 552 1950 594 circum·

255 619 424 680 ferentia
445 616 587 661 circuli
605 620 730 662 medii
759 621 864 660 inter
892 620 932 660 A

254 697 296 731 et
306 705 331 730 a
343 690 516 745 positam
533 706 546 740 ς
566 700 747 732 sumatur
765 691 805 732 K
826 692 864 732 R
878 691 930 732 ad

256 787 298 830 K
316 787 365 839 C,
383 797 429 831 ut
451 764 541 848 -Ἱ-ᾼ-
557 796 618 830 est
632 789 684 829 ad
700 763 803 839 E,
835 791 931 844 jun-

449 832 485 872 Ω
507 834 549 875 Α
703 831 738 872 C
755 832 791 871 B

250 912 374 960 gatur
391 903 426 945 P
441 903 493 954 R,
516 910 556 945 et
573 901 775 958 particula
793 903 827 944 P
843 911 932 945 ten-

253 976 323 1019 det
341 973 481 1016 versus
497 974 771 1029 sphaeroidem
786 975 828 1015 in
843 990 932 1016 rec-

252 1054 294 1087 ta
330 1046 365 1087 P
388 1046 440 1095 R,
476 1045 518 1085 vi
548 1060 640 1100 quae
671 1045 768 1087 huic
806 1055 930 1088 rectae

253 1131 414 1171 semper
426 1125 487 1157 est
498 1112 828 1172 proportionalis.
857 1119 932 1160 Vis

253 1188 362 1227 enim
383 1186 463 1242 qua
483 1187 684 1242 particula
699 1188 743 1229 D
764 1199 934 1245 urgetur

253 1256 394 1303 versus
420 1267 606 1300 centrum
637 1259 769 1309 solidi,
801 1270 861 1302 est
880 1261 932 1302 ad

255 1329 307 1379 B,
329 1337 375 1370 ut
398 1328 433 1371 C
455 1330 499 1371 D
520 1329 573 1370 ad
596 1330 632 1371 C
655 1330 705 1380 B,
735 1345 811 1385 per
833 1332 932 1374 Cor.

254 1406 296 1442 2.
319 1401 437 1442 Lem.
461 1401 544 1443 ΙΙΙ.
607 1402 803 1444 Similiter
821 1405 882 1445 vis
910 1406 989 1461 qua
1021 1407 1220 1462 particula
1253 1407 1294 1448 K
1325 1415 1494 1464 urgetur
1527 1406 1669 1450 versus
1703 1408 1822 1449 solidi
1856 1398 1981 1448 cen?

259 1482 374 1515 trum
394 1482 457 1515 est
475 1473 528 1514 ad
550 1474 603 1524 A,
635 1482 682 1515 ut
713 1475 749 1516 C
772 1475 814 1517 K
844 1477 896 1517 ad
930 1478 966 1519 C
988 1481 1041 1520 A.
1102 1479 1245 1528 Quare
1265 1493 1340 1533 per
1360 1479 1533 1520 Lemma
1553 1479 1629 1520 IV.
1651 1479 1711 1519 vis
1732 1479 1810 1534 qua
1831 1475 1959 1533 parti-

254 1545 346 1587 cula
368 1546 404 1587 P
423 1545 598 1602 urgetur
618 1546 847 1589 secundum
870 1558 1026 1591 rectam
1053 1551 1088 1592 P
1111 1551 1152 1592 K
1174 1551 1241 1591 axi
1261 1551 1490 1592 normalem
1508 1559 1571 1592 est
1590 1550 1643 1591 ad
1666 1551 1760 1600 vim,
1788 1550 1868 1605 quii
1888 1565 1960 1591 ur-

1366 1623 1404 1664 P
1422 1621 1463 1662 K
1488 1630 1521 1663 ><
1547 1620 1583 1661 B
1606 1645 1656 1686 ‹xd
1680 1620 1716 1661 C
1750 1620 1790 1660 K
1822 1629 1856 1662 ><
1888 1621 1926 1660 A
1948 1660 1959 1670 ,

1425 1687 1461 1728 c
1491 1687 1528 1728 Β
1605 1673 1616 1686 “
1750 1687 1786 1726 c
1811 1687 1851 1726 A
1947 1675 1958 1694 ’

252 1755 445 1809 adeoque
467 1763 514 1796 ut
536 1755 572 1796 P
594 1755 636 1796 K
669 1764 702 1798 Χ
737 1756 779 1797 Κ
802 1757 838 1798 C
858 1758 912 1798 ad
934 1759 970 1799 C
995 1759 1036 1799 K
1069 1767 1102 1800 Χ
1136 1759 1177 1800 Κ
1202 1759 1254 1799 R.
1276 1759 1302 1799 i.
1324 1773 1360 1800 e.
1381 1765 1428 1799 ut
1449 1758 1485 1799 P
1506 1757 1544 1799 L
1563 1757 1616 1798 ad
1647 1758 1688 1798 K
1713 1758 1752 1798 R
1781 1772 1835 1798 ex
1862 1772 1962 1799 con-

258 1825 496 1867 structione.
562 1825 704 1874 Quare
723 1828 925 1881 particula
957 1829 992 1870 P
1018 1837 1189 1885 urgetur
1207 1827 1433 1870 secundum
1454 1838 1607 1869 rectam
1638 1828 1674 1869 P
1698 1828 1750 1878 R,
1782 1828 1846 1869 his
1865 1829 1965 1870 viri-

260 1897 339 1937 bus
368 1896 610 1951 conjuuctis,
640 1904 683 1937 et
711 1897 772 1938 vis
801 1899 1028 1953 composita
1057 1907 1118 1940 est
1137 1899 1192 1939 ad
1213 1899 1263 1948 B,
1298 1907 1342 1939 ut
1372 1898 1408 1939 P
1431 1898 1468 1938 R
1491 1898 1545 1938 ad
1573 1897 1610 1939 B
1634 1897 1683 1938 C.
1744 1896 1843 1946 Quo
1863 1897 1971 1955 veroj

258 1970 508 2026 pactorvires
532 1970 570 2011 A
592 1978 633 2010 et
654 1970 692 2010 B
712 1972 943 2026 computari
962 1972 1135 2026 possint,
1157 1979 1299 2027 postea
1318 1970 1593 2012 ostendemus.

253 1650 374 1699 getur
394 1640 626 1683 secundum
648 1651 803 1684 rectam
825 1644 861 1686 P
880 1645 925 1686 D
946 1647 1015 1687 axi
1034 1646 1283 1700 parallelum,
1307 1654 1351 1687 ut

398 2084 774 2128 PROPOSITIO
805 2060 1259 2128 L—'THEOREMA
1291 2083 1826 2127 FUNDAMENTALE.

326 2181 499 2222 Constet
526 2181 726 2236 sphaerois
757 2183 797 2223 A
820 2183 857 2223 B
886 2198 911 2223 a
929 2183 957 2224 b
986 2184 1158 2225 materia
1185 2183 1324 2233 fluida,
1364 2184 1479 2238 cujus
1507 2181 1719 2237 particuloe
1747 2178 1888 2221 versus
1917 2193 1961 2221 se

267 2252 412 2293 mutue)
432 2261 657 2309 urgeantur
676 2253 831 2294 viribus
851 2254 895 2294 in
914 2253 1074 2295 inversa
1095 2253 1302 2309 duplicata
1322 2254 1479 2295 ratione
1499 2251 1782 2293 distantiarum
1801 2248 1969 2290 decres-

269 2323 480 2373 centibus;
512 2331 718 2381 agamque
746 2324 867 2365 simul
896 2324 991 2365 duae
1010 2325 1116 2366 vires
1136 2334 1340 2367 extranee
1370 2325 1413 2364 in
1441 2323 1621 2379 singulas
1639 2321 1757 2362 fluidi
1784 2320 1979 2375 particuq

269 2395 342 2445 las,
373 2410 545 2451 quarum
565 2395 692 2437 altera
711 2397 852 2438 tendat
871 2395 1014 2438 versus
1035 2404 1222 2438 centrum
1243 2395 1498 2451 sphaeroidis‚
1531 2395 1662 2449 sitque
1682 2407 1847 2447 semper
1865 2405 1964 2446 pro-

271 2465 510 2520 portionalis
539 2466 739 2507 distantiis
766 2467 1059 2522 particularum
1087 2468 1140 2509 ab
1168 2467 1249 2508 hoc
1275 2474 1438 2514 centr03
1470 2465 1597 2506 altera
1617 2472 1712 2520 agat
1738 2462 1965 2504 secundum

275 2546 404 2579 rectas
431 2539 500 2579 axi
551 2539 671 2580 solidi
699 2540 928 2594 parallelas,
962 2540 1093 2595 sitque
1122 2553 1283 2594 semper
1309 2536 1625 2593 proportionalis
1645 2535 1845 2576 distantiis
1871 2548 1967 2589 par-

274 2608 490 2648 ticularum
510 2624 535 2649 a
563 2609 687 2664 plano
718 2610 756 2651 Β
775 2610 803 2650 b
831 2610 898 2651 axi
918 2610 1092 2650 normali
1106 2626 1117 2659 ;
1149 2617 1189 2651 et
1209 2610 1242 2650 si
1270 2609 1486 2649 semi-axes
1509 2607 1545 2648 C
1566 2607 1620 2656 A,
1654 2606 1689 2647 C
1711 2606 1749 2647 B
1778 2604 1979 2659 ellipseos'

277 2680 541 2736 generatricis
561 2682 643 2722 sint
663 2682 835 2723 inversae
854 2683 1181 2737 proportionales
1201 2682 1354 2722 viribus
1376 2681 1483 2730 totis,
1517 2695 1609 2736 quae
1631 2688 1760 2736 agunt
1779 2679 1820 2720 in
1840 2677 1968 2734 parti-

281 2750 393 2791 culas
413 2751 590 2806 aequales
610 2752 653 2793 in
673 2754 865 2794 extremis
885 2753 1025 2794 axium
1045 2753 1208 2808 punctis
1230 2752 1270 2793 A
1287 2759 1330 2792 et
1352 2751 1388 2792 B
1410 2751 1519 2801 sitas,
1550 2751 1628 2793 erit
1646 2758 1779 2792 totum
1795 2747 1970 2789 fluidum

279 2821 323 2861 in
343 2823 587 2877 aequilibrio.

341 2892 403 2933 Ut
431 2894 522 2935 haec
553 2896 787 2950 Propositio
817 2904 955 2938 nostra
984 2896 1179 2950 primaria
1198 2895 1419 2936 clarissime
1441 2895 1754 2941 demonstretur,
1783 2887 1971 2930 ostende-

281 2977 373 3003 mus
403 2966 606 3018 miprimis
635 2967 717 3006 vim.
747 2967 1011 3021 compositam
1033 2981 1086 3006 ex
1106 2966 1303 3022 gravitate
1329 2965 1542 3019 particulae
1561 2962 1735 3018 cujusvis
1758 2960 1793 3002 P
1813 2968 1854 3000 et
1871 2958 1975 2999 dua-

281 3034 360 3075 bus
380 3035 533 3076 viribus
555 3038 772 3088 extraneis,
798 3052 958 3092 semper
977 3051 1099 3093 agere
1119 3037 1160 3077 in
1181 3036 1288 3079 recta
1312 3037 1347 3078 P
1369 3037 1419 3086 L,
1451 3050 1544 3091 quae
1562 3042 1624 3076 est
1642 3033 1696 3074 ad
1715 3029 1970 3087 superficiem
