2092 3470
164 211 314 255 met
334 211 572 265 Tam-ma]
632 210 954 253 PRINCIPIA
986 209 1479 255 MATHEMATICA.
1510 253 1514 257 ,

1813 219 1867 256 39

165 327 368 369 distantiis
388 342 414 368 a
434 326 531 370 Sole
550 325 781 368 collocandi
801 333 918 367 erant
936 325 1128 381 planetae,
1150 332 1198 366 ut
1217 325 1389 381 quilibet
1407 341 1486 381 pro
1505 327 1637 383 gradu
1658 327 1871 369 densitatis

165 400 302 443 calore
332 400 439 443 Solis
458 400 614 454 majore
633 399 699 440 vel
724 399 885 440 minore
905 398 1123 440 frueretur.

1185 397 1310 453 Aqua
1330 405 1484 448 nostra,
1507 399 1541 438 si
1561 399 1696 441 Terra
1714 399 1871 441 locare-

169 481 238 513 tur
266 473 310 513 in
329 472 430 513 orbe
461 472 645 522 Saturni,
677 471 924 528 rigesceret3
957 471 991 512 si
1020 470 1064 511 in
1093 470 1194 511 orbe
1225 469 1441 519 Mercurii,
1474 469 1517 509 in
1544 485 1715 525 vapores
1736 473 1873 514 statim

165 542 308 584 abiret·

370 542 480 583 Nam
508 542 582 583 lux
615 541 736 592 Solis,
769 542 835 583 cui
855 541 968 582 calor
986 540 1306 596 proportionalis
1327 548 1402 589 est,
1426 540 1475 595 (⁰)
1498 541 1688 595 septuplo
1709 543 1875 585 densior

165 623 228 657 est
246 615 290 655 in
324 613 425 656 orbe
462 615 667 656 Mercurii
701 613 825 671 quam
856 615 969 670 apud
1002 629 1104 655 nos:
1150 621 1192 655 et
1225 613 1524 655 thermometro
1557 622 1751 668 expertus
1784 631 1875 656 sum

165 686 278 744 quod
294 687 486 742 septuplo
501 686 610 728 Solis
623 687 753 728 aestivi
769 686 905 728 calore
921 701 1028 742 aqua
1047 683 1204 728 ebullit.
1264 684 1456 727 Dubium
1475 683 1575 726 vero
1594 699 1679 725 non
1700 693 1761 725 est
1776 686 1875 740 quin

166 758 338 800 materia
358 757 562 800 Mercurii
581 757 636 798 ad
659 757 840 798 calorem
860 755 1211 806 accommodetur,
1234 763 1276 796 et
1295 763 1518 810 propterea
1536 754 1704 796 densior
1725 755 1778 796 sit
1796 754 1877 796 hac

166 828 308 870 nostra
320 844 332 878 3
361 827 459 870 cum
488 828 661 870 materia
690 829 824 870 omnis
855 827 1022 870 densior
1053 826 1108 869 ad
1137 826 1399 882 operationes
1428 826 1636 868 naturales
1666 826 1878 868 obeundas

166 900 365 956 majorem
385 898 565 941 calorem
585 899 778 955 requirat.

212 1083 257 1126 (⁰)
275 1086 292 1104 *
311 1086 447 1125 septuplo
463 1086 581 1115 densior
594 1091 645 1116 est.
687 1086 771 1116 Nam
785 1087 851 1127 (14.
867 1086 939 1118 Lib.
954 1086 1001 1127 Ι.)

169 1127 304 1157 densitas
324 1126 403 1157 lucis
423 1126 570 1157 decrescit
585 1127 617 1157 in
631 1127 747 1159 ratione
761 1128 919 1168 duplicata
938 1128 1003 1159 dis-

169 1169 336 1199 tantiarum
362 1179 381 1200 a
408 1169 490 1205 Sole,
517 1169 570 1199 sed
595 1170 722 1211 (Phren.
752 1171 832 1211 IV.)
859 1171 1005 1203 distantia

172 1212 277 1242 Terrae
298 1217 345 1241 est
365 1211 405 1241 ad
427 1211 603 1242 distantiam
627 1213 778 1243 Mercurii
798 1221 835 1243 ut
860 1217 943 1245 1000
964 1214 1005 1245 ad

173 1257 245 1285 387.
260 1253 409 1293 proxime.
451 1254 510 1285 Est
523 1254 619 1295 igitur
626 1256 761 1286 densitas
776 1256 854 1286 lucis
867 1257 901 1286 in
918 1258 1006 1287 Mer—

171 1296 251 1327 curii
271 1296 311 1326 ad
332 1296 516 1327 densitatem
538 1298 615 1328 lucis
635 1299 666 1327 in
687 1298 786 1329 Terra
800 1306 836 1328 ut
860 1303 1006 1330 1000000

171 1338 213 1411 ag
234 1341 359 1371 149769
381 1349 435 1370 seu
455 1346 491 1370 ut
512 1343 584 1376 6368
604 1340 645 1371 ad
668 1343 693 1376 1,
716 1341 776 1371 hoc
790 1347 837 1372 est
855 1340 919 1372 fere
935 1348 970 1372 ut
985 1344 1004 1373 7

173 1391 191 1412 a
231 1385 258 1412 1.

218 1426 235 1444 '¹
270 1423 370 1454 Addit
400 1423 591 1456 Newtonus:
633 1426 842 1457 thermometro
871 1432 1008 1466 ezqmtus

173 1477 244 1498 sum
265 1469 345 1507 qwnl
366 1469 498 1507 septuplo
522 1469 595 1498 Solis
609 1470 704 1499 aestim·
718 1471 813 1500 calore
827 1480 909 1509 aqua
924 1471 1006 1500 elml-

174 1510 228 1540 lit.-
252 1509 319 1539 haec
342 1509 486 1539 videntur
511 1510 617 1540 referri
639 1511 678 1541 ad
698 1518 732 1539 n.
758 1514 830 1542 270.
856 1511 1008 1542 Transac-

174 1551 297 1581 tionum
325 1551 623 1590 Philosophicarum,
652 1553 706 1592 qui
732 1554 870 1584 continet
893 1553 1008 1584 scalam

176 1593 216 1624 de
231 1593 339 1624 caloris
353 1594 510 1634 gradibus,
526 1594 686 1636 ingeniose
701 1606 774 1628 sane
788 1602 1006 1631 constructam,

176 1636 266 1677 cujus
285 1637 395 1666 author
413 1646 477 1667 non
498 1637 669 1668 indicatur:
704 1642 725 1657 ‘⁶
743 1639 928 1669 Constructa
949 1638 1010 1669 fuit

177 1682 200 1699 ‘⁴
213 1680 280 1709 haec
297 1679 418 1709 Tabula
431 1689 490 1719 ope
512 1680 723 1710 thermometri
737 1687 769 1711 et
782 1681 856 1710 ferri
873 1680 1009 1711 canden-

178 1725 200 1741 “
214 1722 263 1752 tis.
302 1722 363 1752 Per
376 1723 630 1752 thermometrum
646 1733 684 1753 ex
698 1724 766 1753 oleo
782 1723 838 1752 lini
852 1730 1009 1754 construc-

179 1768 200 1784 “
214 1770 283 1795 tum
297 1764 401 1794 inveni
425 1764 541 1807 (inquit
555 1765 679 1804 author)
696 1765 779 1806 quod
794 1766 818 1795 si
834 1765 939 1796 oleum
954 1766 1009 1796 ubi

179 1809 201 1826 “
217 1807 434 1841 thermometer
462 1807 495 1837 in
524 1808 595 1838 nive
629 1808 815 1849 liquescente
851 1808 1011 1839 locabatur

180 1853 202 1869 “
218 1850 397 1891 (computus
408 1849 490 1880 enim
505 1850 538 1880 in
553 1851 610 1881 hac
624 1851 746 1882 Tabula
759 1851 922 1881 inchoatur
931 1861 949 1881 a
960 1861 1012 1881 ca-

182 1896 204 1912 “
218 1892 282 1922 lore
296 1902 358 1932 quo
372 1903 453 1933 aqua
465 1892 574 1932 incipit
587 1893 736 1934 rigescere
750 1899 896 1934 tanquam
909 1895 948 1924 ab
962 1893 1013 1924 in-

182 1938 204 1954 “
218 1934 294 1965 fimo
315 1934 424 1965 caloris
445 1932 544 1976 gradu
565 1946 620 1966 seu
635 1937 794 1967 communi
814 1937 946 1966 termino
960 1947 1009 1966 ca—

180 1977 290 2007 “loris
313 1984 345 2007 et
368 1977 505 2018 frigoris)
529 1980 697 2017 occupabat
720 1979 854 2018 spatium
877 1979 1011 2017 partium

181 2023 203 2039 “
221 2022 324 2050 loooo
348 2019 433 2050 idem
458 2020 563 2050 oleum
591 2020 692 2051 calore
720 2021 855 2060 corporis
882 2022 1012 2052 humani

181 2066 202 2082 ‘⁶
217 2061 401 2092 rarefactum
416 2064 584 2102 occupabat
598 2063 731 2102 spatium
750 2067 852 2094 10256
866 2071 898 2094 et
912 2064 1013 2095 calore

181 2109 202 2124 “
217 2115 307 2144 aquae
341 2104 472 2145 jamjam
506 2105 636 2136 ebullire
671 2106 844 2145 incipientis
878 2107 1012 2145 spatium

180 2151 203 2166 “
221 2149 323 2178 10705
344 2153 376 2178 et
395 2147 496 2178 calore
514 2158 604 2188 aquae
624 2149 820 2178 vehementer
837 2149 1014 2179 ebullientis

181 2193 203 2209 “
218 2192 332 2225 10725,
354 2195 385 2220 et
407 2190 509 2220 calore
530 2191 631 2220 stanni
653 2191 809 2231 liquefacti
830 2191 884 2221 ubi
906 2191 1015 2230 incipit

181 2232 365 2273 “rigescere
390 2235 504 2270 11516,
525 2234 580 2263 &c-
594 2246 604 2271 ;
626 2233 788 2264 rarefactio
807 2234 884 2263 a'e'ris
901 2233 1013 2274 aequali

181 2279 203 2295 ‘⁶
216 2277 316 2306 calore
330 2274 392 2305 fuit
405 2274 538 2315 decuplo
556 2276 655 2317 major
668 2274 763 2317 quam
778 2276 938 2306 rarefactio
952 2276 1013 2310 olei

182 2322 203 2337 ‘⁸
216 2317 303 2358 quasi
317 2317 492 2358 quindecim
508 2318 626 2349 vicibus
639 2320 738 2360 major
747 2317 841 2359 quam
853 2318 1014 2349 rarefactio

181 2364 203 2380 “
217 2360 341 2400 spiritus
361 2359 435 2390 vini.
484 2361 528 2392 Et
543 2371 580 2391 ex
595 2362 644 2391 his
658 2362 789 2392 inventis
803 2362 948 2401 ponendo
962 2371 1012 2392 ca-

183 2405 204 2422 “
218 2403 299 2433 lores
320 2393 380 2433 olei
401 2402 500 2442 ipsius
513 2404 707 2434 rarefactioni
729 2404 970 2443 proportionales
983 2405 1025 2434 et=.

183 2449 204 2465 ⁸⁴
217 2455 274 2484 pro
285 2445 385 2476 calore
396 2446 530 2485 corporis
543 2446 674 2477 humani
688 2446 848 2477 scribendo
863 2454 962 2486 partes
977 2450 1014 2477 12

183 2491 204 2507 ‘⁴
219 2487 332 2526 prodiit
345 2487 428 2518 calor
441 2499 530 2529 aquae
545 2489 599 2519 ubi
614 2490 810 2520 vehementer
824 2489 933 2520 ebullit
947 2499 1017 2528 par-

183 2534 204 2550 “
218 2530 299 2560 tium
315 2531 392 2561 84:”
432 2531 473 2561 In
488 2530 596 2562 eadem
612 2538 717 2562 autem
735 2531 859 2563 Tabula
874 2531 1018 2571 ponendo

181 2573 316 2603 calorem
330 2573 465 2612 corporis
478 2574 607 2604 humani
625 2578 673 2608 12,
690 2575 779 2613 ponit
793 2575 925 2605 calorem
941 2574 1019 2604 a'e'ris

182 2615 278 2646 aestivi
295 2618 325 2652 4,
344 2617 374 2652 5,
395 2615 444 2646 vel
463 2620 494 2647 6.
543 2618 649 2653 Quare
663 2617 801 2647 medium
818 2617 1014 2654 assumendo,

181 2663 229 2688 est
242 2656 278 2687 ut
293 2657 429 2698 quinque
443 2659 483 2689 ad
496 2663 538 2690 54
554 2660 616 2690 sive
632 2659 770 2698 proxime
786 2667 822 2691 ut
838 2663 851 2690 l
871 2661 911 2690 ad
928 2665 956 2694 7,
973 2659 1017 2690 ita

181 2700 266 2731 calor
287 2699 364 2730 a‘e'ris
386 2701 482 2730 aestivi
504 2701 544 2732 ad
565 2702 697 2732 calorem
713 2713 802 2743 aquae
816 2702 1009 2733 ebullientis:

182 2742 237 2783 qui
256 2752 331 2783 ergo
346 2743 507 2782 septuplus
521 2749 567 2774 est
581 2744 690 2775 caloris
703 2745 782 2775 a'eris
795 2744 892 2775 aestivi
907 2755 1016 2775 secun·

176 2783 261 2816 'dum
277 2791 427 2815 assertum
445 2786 697 2818 Newtonianum.

229 2827 391 2867 Disputari
416 2834 521 2858 autem
544 2835 653 2867 posset,
676 2829 761 2871 quod
782 2829 865 2860 calor
889 2829 1020 2860 rarefac-

182 2868 262 2900 tioni
282 2870 344 2901 olei
365 2870 602 2910 proportionalis
616 2879 809 2911 supponatur
823 2874 939 2914 absque
953 2872 1020 2903 suf-

184 2911 300 2944 finienti
321 2914 450 2953 ratione,
473 2918 505 2944 et
518 2913 603 2955 quod
616 2915 767 2947 terminus
780 2925 799 2947 a
812 2925 876 2957 quo
890 2915 1021 2947 rarefac-

1045 1085 1089 1117 tio
1103 1096 1140 1117 ea
1154 1086 1311 1117 numerari
1325 1086 1433 1126 incipit
1449 1086 1490 1128 (is
1504 1096 1616 1126 nempe
1630 1085 1745 1127 gradus
1758 1085 1882 1127 frigoris

1045 1139 1108 1170 quo
1130 1135 1211 1169 aqua
1231 1129 1342 1168 incipit
1361 1129 1527 1169 rigescere)
1546 1129 1586 1159 sit
1599 1129 1639 1159 ad
1659 1128 1819 1159 arbitrium
1834 1138 1882 1159 as-

1047 1179 1211 1211 sumptus;
1234 1171 1307 1202 cum
1330 1182 1366 1202 ea
1384 1172 1544 1202 rarefactio
1559 1171 1714 1201 numerari
1729 1170 1884 1201 debuisset

1047 1216 1087 1245 ab
1108 1214 1248 1244 absoluto
1268 1214 1393 1254 frigore,
1416 1223 1453 1244 eo
1475 1224 1586 1252 nempe
1600 1213 1722 1254 frigoris
1737 1219 1768 1243 et
1782 1214 1884 1253 gradu

1048 1266 1112 1296 quo
1124 1263 1224 1295 partes
1235 1256 1296 1286 olei
1307 1256 1427 1286 nullam
1438 1256 1614 1286 ulteriorem
1627 1256 1884 1295 compressionem

1049 1309 1105 1338 per
1119 1299 1181 1328 vim
1203 1298 1327 1339 frigoris
1348 1299 1410 1338 pati
1429 1304 1562 1337 possent,
1578 1298 1632 1338 qui
1647 1298 1762 1339 gradus
1777 1305 1823 1328 est
1836 1298 1884 1338 ig-

1049 1347 1163 1378 notus;
1189 1347 1222 1371 at
1242 1340 1337 1380 hujus
1359 1341 1495 1372 Tabellae
1510 1341 1706 1377 constructio,
1724 1339 1883 1389 ingeniose
1939 1335 1943 1339 ”

1050 1383 1277 1414 demonstratur
1300 1385 1339 1413 ab
1364 1383 1474 1414 eodem
1499 1384 1619 1414 Autore
1640 1393 1695 1422 per
1715 1383 1789 1413 fem
1811 1392 1886 1413 can-

1051 1425 1152 1457 dentis
1183 1426 1468 1466 refrigerationem;
1506 1426 1617 1456 locavit
1652 1426 1736 1456 enim
1768 1425 1887 1455 ferrum

1051 1468 1186 1499 candens
1207 1469 1241 1498 in
1263 1475 1354 1498 vento
1375 1468 1571 1499 uniformiter
1584 1468 1728 1507 spirante,
1752 1474 1789 1498 ut
1801 1468 1854 1498 a'e'r
1867 1477 1888 1498 a

1051 1511 1134 1541 ferro
1155 1510 1320 1541 calefactus
1341 1521 1461 1550 semper
1481 1511 1669 1550 abriperetur
1690 1521 1709 1541 a
1730 1516 1832 1547 vento,
1855 1515 1887 1541 et

1052 1554 1104 1584 a'er
1125 1553 1256 1594 frigidus
1276 1553 1311 1582 in
1333 1553 1437 1583 locum
1460 1554 1527 1594 ejus
1547 1553 1695 1583 uniformi
1711 1562 1784 1583 cum
1798 1558 1888 1583 motu

1054 1596 1238 1631 succederet,
1255 1595 1298 1625 sic
1313 1596 1395 1625 enim
1406 1596 1483 1626 a'eiris
1498 1602 1598 1635 partes
1612 1595 1747 1636 aequales
1761 1594 1888 1635 aequali-

1054 1639 1113 1668 bus
1134 1639 1280 1677 temporis
1306 1638 1462 1668 calefactae
1476 1644 1549 1668 sunt
1565 1644 1596 1668 et
1610 1637 1823 1676 concipiebant
1837 1647 1888 1667 ca-

1054 1680 1152 1710 lorem
1173 1680 1265 1710 calori
1287 1681 1360 1711 ferri
1380 1680 1660 1720 proportionatam;
1684 1679 1756 1710 hinc
1771 1679 1796 1709 si
1811 1678 1889 1710 divi-

1054 1722 1145 1753 datur
1159 1729 1283 1762 tempus
1296 1723 1446 1764 refrigerii
1461 1723 1533 1753 ferri
1545 1722 1577 1752 in
1592 1722 1739 1753 instantia
1749 1721 1889 1763 aequalia,

1057 1765 1125 1800 erit,
1142 1771 1179 1795 ut
1193 1769 1276 1795 totus
1289 1766 1372 1796 calor
1386 1765 1460 1796 ferri
1474 1765 1563 1796 initio
1577 1765 1669 1805 primi
1684 1765 1833 1801 instantis,
1849 1763 1891 1795 ad

1054 1808 1187 1838 calorem
1209 1808 1340 1839 durante
1361 1818 1398 1839 eo
1417 1808 1543 1839 instanti
1558 1808 1725 1839 amissum:
1751 1806 1794 1838 sic
1808 1806 1892 1838 calor

1055 1849 1129 1880 ferri
1148 1851 1237 1880 initio
1258 1851 1387 1881 secundi
1401 1851 1542 1881 instantis
1556 1850 1596 1881 ad
1611 1851 1743 1881 calorem
1759 1850 1891 1880 durante

1056 1903 1095 1923 eo
1109 1892 1246 1923 secundo
1260 1894 1385 1925 instanti
1399 1894 1557 1931 amissum,
1571 1894 1626 1923 διο.
1645 1892 1777 1933 ide6que
1791 1892 1892 1933 finga-

1057 1942 1109 1966 tur
1123 1935 1236 1965 lineam
1253 1943 1366 1966 rectam
1382 1936 1455 1967 duci
1470 1936 1560 1976 cujus
1574 1936 1714 1966 abscissae
1729 1935 1893 1975 designent

1055 1984 1214 2017 tempora;
1235 1979 1383 2009 ordinatae
1405 1979 1438 2008 in
1457 1979 1601 2009 extremis
1615 1978 1754 2009 abscissis
1769 1978 1890 2018 erigan-

1056 2026 1118 2057 tur,
1141 2031 1211 2061 quae
1232 2020 1348 2052 calores
1369 2021 1442 2052 ferri
1463 2021 1596 2062 singulis
1609 2020 1775 2050 momentis
1789 2019 1892 2060 desig-

1056 2070 1152 2100 nent;
1175 2063 1356 2094 differentiae
1378 2074 1485 2094 earum
1507 2063 1719 2093 ordinatarum
1741 2067 1833 2092 erunt
1854 2061 1893 2092 iis

1056 2106 1131 2145 ipsis
1152 2105 1299 2136 ordinatis
1318 2105 1562 2146 proportionales
1585 2103 1781 2145 geometrice,
1804 2101 1893 2134 ide6-

1056 2158 1118 2189 que
1140 2158 1235 2178 curva
1253 2158 1308 2186 per
1322 2159 1429 2179 earum
1444 2148 1653 2178 ordinatarum
1668 2148 1796 2177 vertices
1809 2152 1893 2177 uan-

1058 2191 1139 2221 siens
1161 2191 1218 2221 erit
1239 2190 1461 2231 logarithmica,
1485 2189 1691 2220 crescentibus
1716 2199 1790 2230 ergo
1812 2194 1893 2219 tem-

1057 2234 1183 2272 poribus
1206 2232 1405 2269 arithmetice,
1434 2232 1517 2263 calor
1539 2232 1611 2262 ferri
1630 2230 1817 2273 geometrice
1836 2230 1893 2262 de-

1058 2276 1167 2306 crescit
1192 2282 1225 2306 et
1248 2282 1408 2314 propterea
1432 2275 1571 2305 calorum
1595 2284 1703 2305 eorum
1728 2273 1893 2314 geometri-

1057 2327 1094 2348 ca
1108 2318 1186 2349 ratio
1200 2328 1254 2358 per
1267 2318 1526 2358 logarithmorum
1542 2316 1697 2348 Tabulam
1718 2316 1823 2347 haberi
1837 2325 1894 2355 po-

1057 2361 1138 2391 terit.

1118 2404 1193 2439 Quo
1222 2403 1390 2443 supposito,
1416 2403 1595 2443 imponebat
1620 2403 1723 2433 Autor
1749 2400 1894 2432 candenti

1058 2446 1141 2477 ferro
1156 2446 1322 2486 particulas
1336 2446 1528 2477 diversorum
1543 2445 1750 2481 metallorum,
1772 2449 1804 2474 et
1817 2443 1894 2474 alio-

1061 2499 1132 2519 rum
1154 2499 1318 2528 corporum
1340 2488 1545 2530 liquabilium,
1569 2493 1600 2518 et
1621 2487 1738 2517 notavit
1755 2492 1895 2525 tempora

1063 2532 1213 2573 refrigerii
1235 2531 1334 2562 donec
1355 2530 1513 2571 particulae
1532 2539 1640 2560 omnes
1661 2527 1773 2559 amissa
1791 2528 1894 2559 fluidi.

1064 2580 1127 2605 tate
1142 2575 1335 2616 rigescerent,
1351 2581 1382 2604 et
1398 2574 1523 2604 tandem
1538 2572 1621 2603 calor
1634 2571 1706 2602 ferri
1722 2577 1895 2612 aequaretur

1060 2617 1155 2648 calori
1173 2618 1307 2656 corporis
1321 2616 1451 2647 humani
1464 2628 1474 2654 3
1490 2616 1562 2646 binc
1576 2614 1691 2645 calores
1704 2623 1812 2643 omnes
1824 2614 1894 2656 qui-
1955 2650 1958 2653 Ι

1059 2661 1118 2690 bus
1132 2670 1210 2697 cera,
1227 2660 1431 2694 bismuthum,
1457 2664 1623 2693 stamnum,
1650 2656 1823 2695 plumbum,
1843 2666 1892 2686 re-

1060 2701 1158 2743 gulus
1171 2702 1263 2739 stibii,
1280 2711 1449 2742 eorumque
1459 2700 1550 2731 variae
1560 2698 1695 2730 miscelae
1709 2698 1892 2739 liquescunt,

1060 2744 1234 2781 innotuere,
1251 2745 1313 2774 sive
1325 2754 1432 2775 eorum
1443 2742 1638 2784 geometricae
1649 2741 1790 2778 rationes,
1802 2739 1892 2771 cnm-

1061 2798 1131 2828 quef
1146 2788 1262 2818 calores
1282 2787 1327 2817 ita
1346 2787 1464 2816 inventi
1479 2784 1619 2815 earndem
1633 2783 1796 2814 habuerint
1813 2783 1896 2814 inter

1063 2840 1096 2860 se
1120 2831 1271 2860 rationem
1297 2838 1370 2859 cum
1396 2827 1548 2858 caloribus
1565 2836 1621 2866 per
1638 2826 1895 2856 thermometmm

1063 2872 1206 2908 inventis,
1229 2878 1391 2911 propterea
1406 2869 1490 2900 recte
1508 2874 1701 2908 assumptum
1721 2868 1792 2906 fuit,
1812 2877 1894 2898 rare-

1062 2915 1212 2947 factiones
1225 2914 1286 2946 olei
1300 2913 1375 2956 ipsis
1387 2912 1541 2944 caloribus
1554 2921 1620 2943 esse
1632 2910 1882 2952 proportionales.
