2092 3470
528 229 794 276 *FLUXUS
824 231 905 274 Ac
935 231 1275 275 REFLUXUS
1303 233 1514 277 MARIS.
1788 241 1870 279 325

171 347 362 391 transitui
390 347 525 390 Lunae
552 361 630 403 per
655 345 930 388 meridianum
959 352 1020 388 est
1047 344 1291 387 tribuendus
1321 346 1392 402 qui
1420 345 1569 388 eodem
1595 353 1782 402 tempore
1809 348 1870 399 fit,

172 421 246 463 sed
282 420 544 476 praeoedenti,
585 420 726 475 prouti
763 419 993 461 successiva
1028 417 1318 460 retardationis
1355 419 1610 461 incrementa
1649 419 1703 461 ad
1733 420 1873 462 littora

171 491 322 535 Galliae
350 498 393 532 et
422 490 557 548 Belgii
576 491 759 532 borealia
777 488 1079 532 evidentissime
1108 495 1326 531 testantur.
1385 489 1529 538 Quare
1549 490 1586 531 si
1603 490 1720 532 verbi
1738 490 1872 547 gratia

168 564 442 620 Dunkerquae
457 565 548 620 quis
561 563 799 619 hujusmodi
820 562 1127 605 observationes
1140 560 1395 616 perlustrare
1408 561 1596 612 voluerit,
1618 562 1653 603 is
1669 577 1874 619 quemque

165 636 328 678 fluxum
346 651 433 678 non
451 651 547 677 cum
565 636 740 678 transitu
769 635 905 677 Lunae
932 649 1009 690 per
1026 633 1301 675 meridianum
1327 632 1522 687 proximo
1542 642 1767 689 comparet,
1798 635 1872 678 sed

167 716 263 751 'cum
281 722 332 750 eo
356 709 428 764 qui
446 708 749 763 propemodum
772 714 825 749 12
851 708 965 749 horis
985 706 1081 749 ante
1101 706 1301 763 contigit3
1332 705 1516 761 alioquin
1536 708 1646 749 enim
1667 709 1872 750 contraria

165 780 442 835 phaenomena
461 788 569 822 esset
588 780 936 835 deprehensurus.

223 855 255 905 §.
279 857 374 894 108.
410 851 666 899 Commodus
694 850 764 892 hic
792 851 913 893 nobis
941 850 1153 906 praebetur
1181 849 1298 890 locus
1327 848 1564 904 explicandi
1598 852 1814 893 transitum
1846 867 1871 893 a

166 923 275 966 binis
304 923 499 977 aestubus,
530 923 602 981 qui
631 923 813 981 quotidie
831 922 875 963 in
894 921 1132 978 regionibus
1154 928 1272 962 extra
1290 919 1465 961 circulos
1483 919 1648 974 polares
1669 921 1755 962 sitis
1776 937 1870 964 eve-

165 997 298 1046 niunt,
328 997 384 1038 ad
412 996 596 1054 singulos
625 1003 761 1046 aestus,
791 993 866 1050 qui
894 991 1122 1034 secundum
1142 991 1346 1033 theoriam
1364 998 1549 1032 nostram
1568 991 1613 1032 in
1632 992 1871 1048 regionibus

165 1070 377 1125 polaribus
397 1072 636 1128 contingere
655 1070 819 1112 debent.
881 1068 1094 1118 Quoniam
1113 1068 1224 1110 enim
1243 1067 1405 1108 theoria
1423 1074 1566 1108 nostra
1584 1076 1800 1119 monstrat,
1828 1070 1873 1111 in

165 1142 280 1183 zonis
299 1144 534 1198 temperatis
555 1151 596 1185 et
614 1142 770 1185 torrida
791 1141 976 1198 quotidie
996 1141 1102 1183 duos
1121 1141 1259 1182 fluxus
1279 1141 1489 1183 observari
1509 1141 1673 1192 debere,
1694 1141 1738 1183 in
1758 1141 1872 1183 zonis

163 1213 324 1271 frigidis
353 1223 492 1256 autem
519 1229 650 1259 unum
678 1221 852 1264 tantum,
884 1213 1072 1256 transitio
1103 1212 1317 1254 subitanea
1345 1228 1370 1254 a
1398 1213 1561 1254 binario
1590 1212 1645 1254 ad
1674 1213 1873 1254 unitatem

164 1285 345 1328 maxime
373 1287 571 1328 mirabilis
601 1302 650 1329 ac
677 1287 892 1342 paradoxa
919 1286 1052 1328 videri
1079 1294 1230 1341 posset.
1307 1286 1390 1328 Sed
1418 1287 1526 1343 quia,
1557 1287 1593 1328 si
1619 1287 1756 1328 fluxus
1784 1285 1873 1327 bini

164 1356 387 1398 suecessivi
413 1357 521 1398 inter
548 1365 721 1420 se-sunt
748 1356 986 1412 inaequales,
1015 1356 1201 1398 refluxus
1230 1371 1349 1412 aquae
1369 1371 1444 1398 seu
1462 1356 1644 1398 maxima
1663 1355 1873 1411 depressio

164 1429 298 1471 fluxui
323 1429 475 1470 minori
488 1437 568 1483 *est
594 1428 780 1480 vicinior,
810 1428 897 1469 bini
915 1436 1040 1470 aestus
1059 1443 1224 1484 quoque
1245 1428 1463 1470 successivi
1493 1428 1654 1469 ratione
1674 1426 1872 1482 temporis

165 1502 274 1544 inter
293 1517 337 1544 se
356 1510 480 1544 erunt
497 1502 734 1558 inaequales,
765 1502 799 1543 si
826 1501 993 1558 quidem
1013 1515 1114 1542 voce
1132 1500 1256 1542 aestfis
1276 1500 1554 1558 intelligamus
1573 1506 1734 1540 motum
1754 1511 1874 1553 aquae

165 1589 193 1616 a
224 1573 385 1616 summa
419 1574 645 1616 elevatione
677 1574 732 1616 ad
761 1570 887 1616 imam
918 1573 1227 1628 depressionem
1258 1587 1402 1629 usque,
1436 1587 1485 1613 ac
1518 1571 1713 1613 vicissim.
1775 1567 1875 1619 Qu&

164 1647 298 1707 magis
318 1648 457 1703 itaque
476 1648 529 1689 ab
549 1654 758 1704 aequatore
771 1645 915 1689 versus
933 1645 1053 1701 polos
1073 1645 1304 1696 recedatur,
1322 1644 1374 1686 eo
1390 1645 1524 1700 major
1539 1641 1875 1698 deprehendetur

164 1717 275 1759 inter
303 1717 423 1759 binos
452 1726 577 1760 aestus
609 1718 860 1759 successivos
878 1716 1148 1773 inaequalitas,
1173 1715 1268 1758 cum
1287 1716 1446 1757 ratione
1465 1713 1766 1772 magnitudinis
1785 1710 1875 1752 tum

163 1789 376 1846 temporis,
405 1791 543 1847 ‘major
577 1789 688 1831 enim
720 1787 874 1830 diutius
908 1787 1075 1830 durabit
1107 1786 1233 1843 quam
1265 1786 1414 1837 minor,
1449 1791 1572 1827 ambo
1607 1783 1708 1825 vero
1750 1781 1875 1824 simul

165 1863 321 1919 ubique
340 1863 603 1905 absolventur
622 1869 812 1917 tempore
833 1866 886 1902 12
906 1860 1117 1911 horarum,
1134 1875 1229 1902 cum
1250 1861 1331 1902 24'.
1352 1860 1532 1902 circiter:
1556 1857 1669 1914 quod
1684 1857 1719 1899 si
1737 1857 1875 1912 itaque

166 1935 211 1976 in
230 1949 299 1976 eas
318 1934 508 1996 regiones
527 1948 659 1990 usque
677 1934 955 1988 perveniatur,
981 1933 1025 1974 in
1045 1932 1192 1988 quibus
1213 1932 1337 1974 Luna
1356 1931 1532 1986 utraque
1550 1931 1641 1972 vice
1662 1929 1730 1972 vel
1749 1942 1875 1983 super

104 2053 109 2057 ,
166 2005 381 2047 horizonte
410 2004 478 2046 vel
506 2004 583 2045 sub
609 2003 825 2045 horizonte
853 2003 1129 2045 meridianum
1163 2003 1340 2059 attingit,
1377 2010 1501 2044 aestus
1533 2002 1673 2043 minor
1704 2000 1874 2041 omnino

167 2085 395 2129 evanescet,
425 2077 617 2133 solusque
645 2077 778 2132 major
806 2076 1021 2131 supererit,
1052 2074 1124 2131 qui
1152 2083 1314 2129 tempus
1347 2079 1398 2114 12
1427 2073 1472 2115 h.
1502 2073 1583 2114 24'.
1615 2070 1873 2125 adimplebit.

169 2150 239 2193 Ex
258 2150 406 2207 quibus
426 2149 693 2204 perspicuum
712 2155 786 2198 est,
810 2148 845 2189 si
874 2147 998 2189 Luna
1017 2146 1168 2188 habeat
1187 2145 1517 2195 declinationem,
1547 2143 1871 2199 inaequalitatem

167 2222 362 2263 binorum
380 2228 557 2261 aestuum
586 2218 913 2260 successivorum
942 2217 996 2259 ad
1024 2216 1144 2273 polos
1164 2216 1399 2258 accedendo
1420 2214 1616 2258 continuo
1635 2214 1727 2256 fieri
1745 2214 1874 2269 majo-

167 2307 270 2343 rem,
311 2300 434 2348 atque
453 2290 640 2333 'tandem
677 2290 883 2332 minorem
921 2290 1092 2331 omnino
1129 2302 1372 2331 evanescere
1411 2288 1575 2339 debere,
1619 2286 1735 2344 quod
1778 2284 1873 2328 cum

169 2363 317 2414 evenit,
339 2362 427 2404 bini
447 2369 572 2404 aestus
591 2361 637 2402 in
657 2376 789 2403 unum
808 2361 1056 2402 coalescunt.

225 2439 258 2488 ᾗ.
290 2440 386 2477 109.
431 2434 660 2489 Explicatis
695 2433 912 2475 anomaliis
943 2432 1067 2474 aestfis
1100 2426 1225 2474 maris
1258 2431 1494 2479 menstruis,
1526 2430 1787 2486 pervenimus
1819 2427 1875 2470 ad

171 2506 394 2548 anomalias
415 2519 573 2547 annuas
602 2505 669 2547 vel
698 2505 919 2561 plusquam
939 2496 1108 2554 annuas,
1130 2517 1178 2544 ac
1196 2517 1354 2544 nonum
1374 2502 1541 2558 quidem
1568 2502 1874 2557 phaenomenon

172 2577 424 2620 desumimus
453 2592 508 2619 ex
536 2577 763 2619 variatione
793 2577 930 2628 aestus,
961 2591 1054 2633 quae
1074 2592 1099 2618 a
1117 2576 1287 2618 diversis
1317 2576 1453 2617 Lunae
1474 2591 1498 2616 a
1521 2575 1654 2617 Terra
1674 2573 1874 2616 distantiis

171 2649 461 2705 proficiscitur.
522 2649 810 2693 Observantur
830 2649 942 2692 enim
961 2657 1084 2691 aestus
1103 2648 1256 2704 ubique
1274 2649 1448 2703 majores
1469 2647 1614 2689 ceteris
1633 2646 1813 2701 paribus,
1829 2645 1875 2686 in

172 2723 320 2765 iisdem
350 2722 505 2764 scilicet
531 2723 799 2765 luminarium
819 2721 1051 2778 aspectibus
1069 2720 1296 2776 iisdemque
1315 2719 1666 2769 declinationibus,
1688 2719 1725 2760 si
1753 2718 1876 2759 Luna

172 2796 218 2837 in
258 2809 334 2836 suo
371 2793 554 2850 perigaeo
593 2803 791 2846 versetur,
833 2795 1015 2836 minores
1053 2792 1166 2843 vero,
1209 2791 1329 2834 Luna
1368 2791 1413 2832 in
1452 2806 1625 2847 apogaeo
1663 2790 1874 2833 existente.

176 2864 359 2922 Egregie
381 2871 520 2906 autem
547 2864 640 2907 haec
659 2866 911 2908 conveniunt
930 2879 1026 2907 cum
1043 2862 1184 2906 nostra
1204 2860 1374 2913 theoria,
1407 2861 1487 2918 qua
1508 2862 1876 2904 demonstravimus

178 2936 318 2978 Lunae
347 2936 456 2977 vires
485 2935 540 2977 ad
568 2950 683 2979 mare
711 2936 963 2979 movendum
991 2935 1227 2978 decrescere
1253 2934 1297 2975 in
1325 2933 1528 2988 triplicata
1548 2935 1706 2977 ratione
1725 2935 1878 2977 distan-

178 3007 332 3049 tiarum
362 3007 498 3049 Lunae
527 3022 551 3047 a
580 3006 737 3049 Terra:
769 3006 881 3064 qued
902 3007 936 3048 si
963 3007 1090 3063 igitur
1111 3006 1234 3047 Luna
1252 3011 1435 3046 versetur
1454 3005 1712 3062 inperigaeo,
1740 3006 1877 3047 fluxus

179 3078 391 3121 debebunt
410 3093 499 3120 esse
518 3078 708 3133 majores,
731 3077 855 3134 quam
871 3079 907 3120 si
928 3077 1050 3119 Luna
1070 3090 1287 3132 apogaeum
1302 3083 1487 3130 occupat.
1534 3076 1742 3117 Praeterea
1755 3075 1878 3116 etiam
