2092 3470
190 209 340 251 Lmnn
355 208 596 258 Tannus]
642 201 987 249 PRINCIPIA·
1001 202 1495 247 MATHEMATICA.
1840 207 1897 245 89

442 381 822 424 PROPOSITIO
854 380 1011 423 XXII.
1074 377 1439 422 THEOREMA
1469 378 1643 421 XVIII.
1704 410 1707 414 .

185 503 325 548 Motus
353 521 484 548 omnes
511 508 687 557 lunares,
718 520 922 561 omnesque
950 512 1119 547 motuum
1150 502 1421 558 inaeqalitates
1449 515 1498 541 ex
1518 502 1658 543 allatis
1679 501 1902 558 principiis

942 593 1142 635 consequz.

241 723 435 766 Planetas
454 723 645 779 majores,
667 723 826 764 interea
845 721 948 763 dum
975 713 1092 762 'circa
1118 719 1259 762 Solem
1278 718 1480 769 seruntur,
1501 732 1626 773 posse
1646 717 1749 759 alios
1768 717 1901 760 mino-

178 812 245 839 res
275 798 432 839 circum
459 812 504 839 se
526 797 784 839 revolventes
809 795 996 851 planetas
1023 794 1199 845 deferre,
1222 802 1264 836 et
1283 794 1464 835 minores
1484 792 1577 834 illos
1597 792 1647 833 in
1667 792 1894 848 ellipsibus,

178 870 396 912 umbilicos
420 871 464 911 in
494 870 647 912 centris
671 870 876 930 majorum
896 868 1159 918 habentibus,
1188 867 1345 909 revolvi
1366 867 1520 908 debere
1540 872 1657 921 patet
1674 880 1751 921 per
1773 865 1899 920 Prop.

180 945 323 987 LXV.
346 945 442 987 Lib.
465 945 501 987 Ι.
562 944 742 986 Actione
761 951 900 985 autem
922 942 1032 985 Solis
1051 941 1408 998 perturbabuntur
1428 954 1575 981 eorum
1594 947 1731 980 motus
1758 938 1898 979 multi-

178 1017 318 1068 mode,
348 1017 483 1074 iisque
515 1015 763 1057 adlicientur
791 1014 1140 1071 inaequalitatibus
1171 1028 1265 1070 quae
1297 1013 1341 1053 in
1371 1010 1494 1053 Luna
1522 1010 1664 1052 nostra
1691 1018 1900 1052 notantur.

185 1088 300 1131 Haec
328 1088 472 1144 utique
503 1091 596 1143 (per
617 1087 716 1129 Cor.
739 1092 779 1138 2,
803 1093 843 1138 3,
866 1093 907 1138 4,
928 1094 971 1129 et
991 1092 1030 1129 5.
1054 1086 1182 1141 Prop.
1205 1084 1392 1137 LXVI.)
1420 1083 1601 1125 velocius
1621 1090 1823 1134 movetur,
1854 1097 1903 1124 ac

185 1158 305 1200 radio
325 1158 379 1200 ad
400 1159 579 1200 Terram
598 1158 726 1200 ducto
745 1158 943 1200 describit
962 1173 1101 1200 aream
1126 1172 1206 1213 pro
1227 1165 1412 1211 tempore
1432 1156 1644 1212 majorem,
1676 1156 1903 1212 orbemque

178 1228 308 1271 habet
335 1230 474 1271 minus
504 1243 691 1281 curvum,
724 1237 848 1286 atque
874 1229 970 1271 ideo
998 1229 1171 1285 propius
1193 1228 1359 1270 accedit
1372 1227 1426 1269 ad
1446 1227 1638 1278 Terram,
1661 1227 1705 1268 in
1725 1227 1902 1284 syzygiis

182 1299 311 1357 quam
332 1302 376 1342 in
397 1300 673 1358 quadraturis,
695 1301 775 1342 nisi
795 1300 1001 1357 quatenus
1019 1297 1194 1355 impedit
1212 1307 1349 1340 motus
1366 1298 1692 1340 eccentricitatis.
1742 1298 1903 1340 Eccen-

177 1362 340 1413 tricitas
371 1372 485 1414 enim
512 1372 696 1413 maxima
724 1379 788 1413 est
829 1374 923 1426 (per
954 1370 1096 1412 Corol.
1119 1377 1158 1412 9.
1193 1370 1321 1425 Prop.
1344 1369 1531 1420 LXVI.)
1572 1368 1645 1409 ubi
1684 1383 1903 1425 apogaeum

179 1441 316 1484 Lunae
345 1442 390 1482 in
420 1442 603 1499 syzygiis
622 1449 825 1492 versatur,
857 1449 900 1484 et
927 1441 1099 1482 minima
1117 1441 1190 1482 ubi
1218 1440 1330 1481 idem
1349 1440 1392 1480 in
1413 1438 1674 1495 quadraturis
1695 1439 1901 1488 consistit3

179 1523 222 1557 et
251 1514 350 1556 inde
381 1514 508 1556 Luna
535 1515 581 1555 in
609 1515 796 1572 ‘perigaeo
816 1515 1000 1557 velocior
1020 1523 1082 1557 est
1102 1523 1144 1557 et
1162 1514 1282 1555 nobis
1301 1514 1487 1568 propior,
1504 1513 1552 1576 in
1572 1527 1747 1570 apogaeo
1766 1519 1903 1553 autem

177 1586 348 1638 tardior,
371 1595 413 1628 et
431 1587 629 1628 remotior
648 1588 692 1628 in
713 1587 892 1645 syzygiis
913 1587 1038 1644 quam
1058 1588 1101 1629 in
1117 1587 1390 1644 quadraturis
1434 1586 1708 1644 Progreditur
1727 1586 1901 1640 insuper

178 1674 415 1716 apogaeum,
439 1666 480 1700 et
499 1659 793 1716 regrediuntur
812 1659 926 1710 nodi,
949 1659 1022 1701 sed
1041 1667 1159 1700 motu
1178 1658 1429 1715 inaequabili.
1489 1658 1547 1699 Et
1570 1671 1790 1714 apogaeum
1812 1655 1903 1712 qui-

179 1731 276 1773 dem
311 1734 403 1787 (per
426 1730 525 1772 Cor.
549 1735 588 1775 7.
619 1738 661 1772 et
691 1738 731 1773 8.
762 1732 889 1787 Prop.
912 1731 1099 1784 LXVI.)
1133 1729 1313 1772 velocius
1347 1729 1614 1786 progreditur
1645 1728 1690 1769 in
1723 1727 1902 1784 syzygiis

181 1802 279 1853 suis,
313 1801 472 1843 tardius
500 1802 735 1859 regreditur
762 1803 807 1843 in
836 1802 1112 1859 quadraturis,
1145 1809 1188 1843 et
1216 1815 1390 1842 excessu
1418 1799 1665 1856 progressus
1691 1813 1818 1854 'supra
1838 1813 1903 1840 re-

180 1890 372 1932 gressum
403 1876 617 1917 annuatim
649 1875 780 1917 fertur
812 1876 855 1916 in
888 1876 1195 1931 consequentia.
1257 1873 1372 1916 Nodi
1406 1881 1544 1914 autem
1577 1875 1669 1928 (per
1697 1871 1838 1913 Corol.
1860 1876 1901 1912 2.

188 1948 318 2004 Prop.
341 1949 528 2002 LXVI.)
560 1949 779 2004 quiescunt
806 1948 851 1989 in
882 1948 1062 2005 syzygiis
1092 1947 1177 1988 suis
1207 1954 1248 1988 et
1276 1943 1530 1987 velocissime
1549 1944 1841 2001 regrediuntur
1860 1943 1904 1984 in

184 2019 458 2077 quadraturis-
522 2020 606 2063 Sed
634 2029 678 2063 et
704 2021 838 2076 major
868 2029 931 2063 est
962 2021 1099 2062 Lunae
1117 2020 1294 2062 latitudo
1311 2020 1496 2062 maxima
1514 2019 1558 2059 in
1576 2019 1705 2073 ipsius
1725 2016 1903 2073 quadra-

189 2134 270 2166 Axis
283 2135 379 2176 igitur
391 2135 496 2166 Terrae
510 2135 643 2176 singulis
656 2135 900 2166 revolutionibus
913 2135 1026 2166 annuis

187 2177 330 2208 nutando
350 2177 398 2209 bis
418 2177 587 2208 inclinatur
600 2178 634 2208 in
649 2178 822 2217 eclipticam
837 2184 869 2208 et
886 2177 933 2208 bis
947 2178 1028 2208 redit

188 2219 228 2250 ad
250 2220 435 2259 positionem
456 2220 608 2260 priorem:
647 2221 716 2250 haec
738 2220 844 2251 omnia
866 2219 1027 2250 facilein·

186 2262 308 2304 telliget
321 2263 376 2304 qui
390 2263 424 2292 in
438 2269 577 2293 mentem
588 2262 774 2293 revocaverit
787 2263 882 2302 Prop.
899 2262 1029 2293 LXVI.

189 2305 263 2337 Lib.
283 2305 311 2336 1.
329 2304 502 2345 ultimaque
521 2305 661 2346 ejusdem
678 2305 857 2336 Corollaria.

234 2351 305 2379 103.
326 2347 368 2378 In
379 2348 510 2388 singulis
521 2348 696 2379 octantibus
710 2348 793 2378 inter
800 2347 987 2388 ,aequinoctia
997 2353 1029 2379 et

190 2389 319 2421 solstitia
333 2390 504 2431 sequentia,
520 2390 680 2421 inclinatio
690 2391 754 2421 axis
768 2391 874 2421 Terrae
884 2390 924 2420 ad
935 2383 1029 2430 eclip-

191 2432 287 2464 ticam
300 2432 379 2463 redit
393 2433 433 2463 ad
447 2433 581 2472 priorem
594 2433 852 2474 magnitudinem,
876 2433 1029 2472 plurium-

194 2485 257 2516 que
276 2485 430 2506 annorum
452 2475 584 2506 decursu
603 2476 775 2507 sensibilior
788 2486 852 2505 non
867 2475 977 2512 evadit,
999 2481 1032 2505 at

195 2527 352 2558 regressus
376 2523 564 2558 punctorum
590 2519 739 2558 eclipticae
762 2518 909 2549 continuo
933 2518 969 2548 fit
997 2518 1030 2548 in

194 2559 415 2596 antecedentia,
442 2571 500 2592 nec
523 2560 564 2592 ad
585 2561 750 2601 pristinum
773 2561 878 2591 locum
900 2561 1032 2591 redeunt

194 2608 312 2642 puncta
332 2603 566 2643 aequinoctialia,
587 2603 648 2634 nisi
666 2610 736 2644 post
754 2604 912 2645 integrum
931 2603 1031 2634 circu-

195 2644 273 2675 lum.
323 2645 411 2676 Hinc
427 2646 558 2676 mutatio
579 2656 651 2687 quae
671 2646 767 2677 unius
782 2646 857 2677 anni
871 2646 970 2685 spatio
984 2645 1031 2675 in-

196 2687 349 2717 sensibilis
373 2693 430 2724 est,
455 2694 526 2727 post
543 2688 681 2729 plurium
701 2699 855 2720 annorum
873 2688 1034 2720 intervalla.

196 2729 341 2760 notabilis
355 2729 464 2760 evadit.
716 2759 719 2762 ,
771 2757 781 2762 -

243 2775 315 2803 104.
343 2771 427 2804 cnm
448 2772 545 2803 stellae
558 2773 629 2805 fixae
641 2774 801 2815 quiescant
814 2779 846 2805 et
863 2773 1034 2805 retrocedat

200 2815 376 2845 eommunis
392 2815 486 2845 sectio
508 2818 670 2855 aequatoris
684 2823 716 2848 et
729 2817 887 2857 eclipdcae,
910 2827 1035 2848 necesse

200 2863 247 2887 est
267 2863 304 2888 ut
325 2857 484 2888 mutabilis
498 2858 538 2888 sit
551 2858 682 2890 fixarum
705 2871 724 2890 a
739 2860 865 2899 punctis
878 2860 1033 2900 oequinoc-

200 2899 326 2930 tialibus
339 2899 483 2931 distantia
496 2906 528 2930 et
541 2901 636 2931 stellae
650 2903 689 2932 ab
707 2902 816 2933 iisdem
832 2903 954 2942 punctis
969 2912 1034 2933 ver-

203 2952 258 2973 sus
275 2943 424 2973 orientem
443 2942 582 2983 quotidie
598 2944 742 2984 progredi
757 2945 928 2982 videantur,
950 2944 1036 2975 unde

204 2985 342 3023 ipsarum
363 2985 574 3026 longitudines
593 2996 665 3026 quae
685 2986 720 3016 in
738 2987 879 3027 ecliptica
893 2990 932 3018 ab
950 2987 1040 3017 initio

207 3027 324 3067 Arietis
342 3027 406 3058 sive
427 3028 641 3059 intersectione
660 3029 776 3060 vernali
790 3030 939 3069 eclipticae
954 3035 985 3060 et
999 3041 1039 3060 ae-

204 3069 341 3110 quateris
356 3071 529 3111 computari
548 3070 658 3108 solent,
674 3070 823 3103 continuo
835 3078 987 3110 cescum,
1009 3078 1042 3102 et

1067 2135 1139 2165 fixae
1152 2144 1260 2165 omnes
1274 2134 1417 2164 videntur
1430 2132 1547 2163 moveri
1561 2132 1595 2162 in
1609 2130 1827 2172 consequentia
1839 2130 1904 2172 sig-

1067 2187 1190 2207 norum.
1251 2177 1339 2207 Hinc
1363 2176 1399 2206 fit
1422 2175 1508 2215 quod
1531 2172 1778 2205 constellationes
1795 2183 1905 2204 omnes

1069 2220 1228 2259 antiquam
1258 2219 1362 2249 sedem
1391 2218 1586 2247 mutaverint.
1635 2214 1685 2247 Sic
1713 2216 1905 2248 constellatio

1074 2262 1190 2292 Arietis
1211 2271 1282 2301 quae
1301 2267 1439 2298 tempore
1456 2259 1631 2298 Hipparchi
1647 2258 1742 2298 prope
1759 2259 1904 2288 intersec-

1070 2304 1188 2335 tionem
1204 2303 1358 2333 vernalem
1374 2302 1522 2342 ecliptica!
1537 2308 1568 2332 et
1581 2301 1744 2342 sequereris
1757 2301 1820 2330 visa
1833 2300 1902 2337 fuit,

1071 2357 1156 2377 nunc
1170 2347 1210 2377 ab
1223 2345 1332 2376 eadem
1346 2345 1481 2385 digressa
1494 2345 1527 2374 in
1542 2345 1632 2385 signo
1645 2344 1742 2374 Tauri
1755 2348 1904 2380 moratur,

1070 2390 1150 2420 sicut
1164 2395 1196 2419 et
1211 2388 1307 2419 Tauri
1322 2387 1514 2418 constellatio
1526 2387 1561 2417 in
1579 2387 1785 2417 Geminorum
1799 2385 1905 2416 locum

1070 2431 1219 2468 transivit,
1239 2430 1427 2471 Geminique
1446 2430 1481 2460 in
1503 2430 1659 2461 Cancrum
1674 2428 1807 2467 promoti
1821 2433 1904 2466 sunt,

1071 2474 1115 2505 ita
1126 2480 1163 2505 ut
1176 2483 1369 2514 unaquaeque
1380 2472 1571 2503 constellatio
1579 2482 1597 2502 e
1608 2481 1666 2502 suo
1679 2472 1712 2500 in
1727 2471 1906 2510 proximum

1071 2518 1175 2548 locum
1196 2515 1381 2547 successerit.
1424 2518 1443 2536 ὓ
1462 2515 1545 2546 cum
1563 2521 1667 2545 autern
1686 2512 1747 2548 hie,
1770 2512 1847 2543 dum
1866 2511 1907 2543 de

1073 2559 1273 2590 inclinatione
1292 2558 1424 2599 egimus,
1447 2567 1504 2589 nec
1527 2556 1567 2587 ad
1588 2563 1709 2587 motum
1729 2555 1832 2595 ipsum
1849 2565 1907 2586 no-

1073 2602 1195 2640 dorum,
1219 2612 1278 2632 nec
1299 2601 1339 2631 ad
1363 2601 1620 2631 excentricitatem
1640 2598 1808 2629 orbitarum
1829 2607 1907 2638 quas

1076 2646 1173 2676 Terra
1200 2650 1255 2675 aut
1285 2644 1379 2675 Luna
1406 2643 1592 2678 describunt,
1617 2651 1675 2672 nec
1698 2640 1738 2672 ad
1763 2640 1907 2680 apsidum

1073 2694 1188 2725 motus,
1208 2697 1267 2717 nee
1283 2686 1324 2717 ad
1344 2686 1599 2727 irregularitatem
1621 2684 1712 2714 molis
1733 2683 1841 2714 Teme
1861 2689 1908 2714 at·

1073 2730 1273 2766 tenderimus,
1289 2738 1347 2759 nec
1361 2729 1495 2769 denique
1508 2728 1549 2759 ad
1562 2726 1694 2757 aliorum
1711 2725 1909 2766 planetarum

1074 2774 1220 2808 acdones,
1246 2771 1390 2812 quaedam
1417 2771 1512 2801 etiam
1540 2769 1689 2808 ecliptico
1714 2768 1908 2799 inclinationi

1074 2816 1208 2846 mutatio
1235 2814 1336 2845 afferri
1364 2819 1471 2853 potest,
1502 2823 1572 2853 quae
1598 2812 1678 2842 forte
1705 2811 1910 2851 perseverabit

1076 2859 1148 2889 satis
1162 2864 1198 2888 ut
1213 2856 1364 2888 sensibilis
1381 2855 1491 2886 evadat
1503 2868 1510 2886 z
1534 2854 1742 2885 inclinationis
1755 2853 1910 2894 angulum

1080 2901 1117 2931 1‘.
1135 2907 1261 2931 centum
1281 2899 1371 2930 annis
1385 2898 1558 2928 decrescere
1571 2897 1692 2928 volebat
1707 2896 1908 2931 Louviuaeus,

1079 2943 1130 2974 cui
1145 2953 1208 2973 non
1223 2946 1397 2982 repugnant
1410 2939 1644 2981 quae-eminus
1657 2939 1689 2969 in
1703 2937 1910 2969 Astronornioe

1084 2985 1267 3021 Elementis‚
1286 2994 1323 3014 ex
1346 2983 1430 3013 varia
1451 2989 1696 3014 astronomorum
1711 2981 1912 3012 estimatione

1081 3027 1291 3059 inclinationis
1307 3026 1456 3065 ecliptica
1472 3025 1592 3056 retulit.
1640 3024 1702 3057 Sed
1715 3023 1756 3054 de
1771 3024 1810 3054 iis
1822 3023 1913 3063 pluro

1082 3071 1115 3101 in
1130 3076 1286 3110 posterum
1299 3075 1392 3100 erunt
1405 3067 1544 3099 dicenda.
