2092 3470
280 236 330 273 12
693 223 1144 268 PHILOSOPHIAE
1174 226 1536 270 NATURALIS
1578 227 1673 279 [DE
1692 226 1823 270 Mun.
1842 228 1965 271 SYs'r.

273 339 484 388 dimidiat&
514 349 547 381 e'
565 340 735 397 regione
755 340 874 390 solis3
904 340 1048 382 falcato
1070 341 1137 382 cis—
1151 342 1302 392 Solem,
1316 364 1318 367 v
1331 356 1408 397 per
1437 342 1597 384 discum
1617 343 1703 398 ejus
1725 342 1777 384 ad
1796 343 1967 384 modum

268 414 525 457 macularum
555 415 854 468 'nonnunquam
889 420 1158 454 transeuntes.

1221 412 1288 455 Ex
1324 413 1475 454 Martis
1511 428 1674 469 quoque
1708 414 1831 468 plenfi
1864 413 1968 456 facie

270 501 403 542 prope
425 486 531 529 Solis
551 487 896 541 conjunctionem,
914 494 956 526 et
969 485 1141 541 gibbos&
1162 485 1204 526 in
1227 485 1498 541 quadraturis,
1529 495 1686 545 certum
1706 494 1778 536 est,
1801 486 1915 542 quod
1931 486 1968 528 is

272 559 412 602 Solem
431 559 570 600 ambit.
611 559 681 601 De
695 560 800 601 Jove
819 559 941 600 etiam
961 566 1002 599 et
1025 558 1203 599 Saturno
1222 558 1333 599 idem
1353 574 1406 600 ex
1427 574 1571 601 eorum
1589 560 1785 614 phasibus
1805 572 1969 613 semper

268 631 399 687 plenis
429 631 754 673 demonstratur:
785 631 862 672 hos
882 631 992 672 enim
1021 630 1113 671 luce
1133 646 1158 671 a
1181 630 1278 672 Sole
1297 633 1481 675 mutuat&
1503 632 1718 688 splendere
1737 647 1791 675 ex
1809 631 1967 674 umbris

271 704 488 746 satellitum
507 704 552 744 in
572 704 683 759 ipsos
702 703 894 759 projectis
915 701 1177 744 manifestum
1197 710 1271 744 est.

268 834 309 866 nd
332 834 461 864 modum
487 833 616 865 maculae
639 833 735 874 nigrae
758 839 789 864 et
812 832 955 864 rotundae
978 832 1095 869 transit,

268 886 429 916 nunquam
457 876 529 907 vero
561 875 623 906 Soli
652 876 827 915 opponitur,
865 885 965 916 neque
993 877 1032 906 ab
1060 886 1098 906 eo

269 918 440 959 digreditur
467 919 549 949 ultra
577 917 691 958 gradus
716 922 767 949 47.
826 917 948 949 Eadem
970 917 1035 948 fere
1059 917 1099 948 de

272 961 430 992 Mercurio
453 963 651 992 observantur
673 960 827 1002 quantum
855 960 927 992 licet
951 970 1006 1000 per
1031 961 1100 1001 ejus

275 2152 485 2201 exiguitatem,
511 2165 584 2186 cum
607 2156 665 2187 hoc
687 2162 791 2188 tamen
817 2157 992 2188 discrimine
1020 2158 1104 2199 quod

275 2205 343 2235 ejus
366 2196 577 2238 elongationes
599 2198 741 2229 maximae
770 2211 789 2231 a
820 2200 891 2231 Sole
921 2204 960 2230 28
990 2201 1104 2241 gradus

276 2246 436 2278 nunquam
472 2247 627 2279 superent.
674 2242 769 2289 ¹Sunt
803 2242 899 2283 igitur
931 2243 1039 2273 Venus
1073 2250 1104 2274 et

278 2279 455 2311 Mercurius
480 2292 605 2321 corpora
630 2293 724 2322 opaca
752 2290 784 2315 et
811 2285 944 2315 rotunda
972 2295 1104 2326 quorum

277 2331 347 2360 pars
367 2323 487 2354 circiter
507 2325 635 2356 dimidia
653 2326 716 2358 Soli
731 2329 856 2358 obversa
870 2327 1050 2365 illustratur,
1073 2335 1106 2358 et

276 2373 346 2402 pars
360 2365 455 2396 altera
464 2377 484 2397 a
497 2367 568 2398 Sole
582 2378 685 2398 aversa
695 2369 813 2400 lumine
824 2370 969 2409 privatur.
1011 2369 1105 2401 U'nde

277 2405 349 2454 cum
367 2407 476 2438 Venus
497 2416 528 2439 et
550 2410 727 2441 Mercurius
748 2412 781 2441 in
802 2411 867 2442 uni:
888 2412 1106 2452 conjunctione

277 2458 310 2478 in
328 2449 357 2479 E
373 2450 422 2481 vel
438 2451 477 2481 M
494 2452 743 2492 hemisphaerium
758 2456 924 2484 obscurum
941 2454 1059 2485 Telluri
1077 2454 1106 2484 Τ

277 2492 445 2530 obvertunt,
468 2494 717 2533 hemisphaerium
739 2495 811 2526 vero
832 2496 1017 2526 illustratum
1045 2496 1109 2526 Soli

280 2533 312 2570 S,
327 2544 449 2566 necesse
460 2542 505 2566 est
520 2543 556 2566 ut
569 2537 603 2566 in
617 2537 672 2567 illa
682 2538 899 2579 conjunctione
913 2538 992 2568 inter
1006 2538 1110 2568 Solem

277 2581 309 2605 et
319 2576 477 2609 Tellurem
488 2579 732 2617 constitu-autum
749 2590 766 2610 e
781 2579 887 2610 conti-2⁸2
901 2580 953 2610 ubi
969 2580 1002 2609 in
1016 2579 1112 2611 altera

278 2619 414 2656 proxime
435 2621 574 2661 sequenti
597 2621 814 2662 conjunctione
828 2622 861 2651 in
879 2622 910 2652 A
926 2622 974 2652 vel
991 2622 1024 2652 K
1039 2633 1106 2652 ver-

281 2667 396 2699 santur,
419 2669 517 2693 totam
538 2663 647 2694 faciem
669 2663 853 2694 illustratam
867 2670 899 2694 et
915 2664 979 2694 Soli
999 2666 1106 2695 obver-

278 2711 343 2731 sam
354 2714 372 2733 e
388 2705 515 2736 Tellure
525 2705 564 2742 T,
577 2707 781 2743 observamus,
797 2706 870 2737 hinc
878 2716 1000 2737 nece-se
1014 2713 1060 2737 est
1072 2713 1107 2738 ut

279 2749 354 2774 tunc
368 2749 512 2785 temporis
529 2747 581 2779 Sol
600 2748 636 2785 S,
648 2748 728 2779 inter
741 2749 823 2787 ipsos
837 2747 929 2789 atque
945 2748 1105 2780 Tellurem

282 2786 311 2816 T
332 2788 447 2825 positus
469 2790 515 2820 sit.
565 2790 627 2821 Ubi
642 2789 714 2821 vero
731 2791 840 2821 Venus
854 2797 909 2821 aut
929 2791 1106 2822 Mercurius

278 2838 297 2858 a
315 2829 385 2859 Sole
399 2830 577 2870 digreditur,
594 2833 730 2871 primurn
745 2833 872 2874 gibbosa
885 2840 1017 2873 apparet,
1034 2840 1104 2864 tum

279 2869 439 2902 dimidiata
460 2874 536 2905 facie
558 2875 648 2912 lucet,
672 2875 776 2916 poste&
797 2874 909 2907 falcata
922 2874 958 2906 fit
972 2881 1003 2906 et
1018 2875 1113 2906 deni...

1139 844 1200 875 que
1222 841 1286 867 tota
1307 837 1487 867 obscuratur
1501 842 1538 868 ut
1551 837 1586 867 in
1599 836 1675 868 locis
1699 836 1738 871 Β,
1758 836 1796 873 C,
1811 833 1858 870 D,
1878 833 1915 872 F,
1937 838 1971 865 et

1140 878 1293 910 contrarii
1307 879 1423 909 ratione
1438 879 1646 918 splendescere
1660 879 1694 909 in
1707 878 1793 915 locis,
1812 878 1848 912 F,
1862 876 1902 914 G,
1919 875 1967 913 H,

1142 921 1272 952 videtur.
1314 921 1346 951 Si
1361 920 1432 951 vero
1447 931 1485 952 ex
1501 922 1628 953 Tellure
1644 921 1682 959 T,
1698 920 1738 952 ad
1754 919 1885 951 Veneris
1897 928 1970 953 cem

1142 969 1226 1000 trum
1248 963 1379 994 ducatur
1400 964 1482 994 linea
1495 971 1579 996 recta
1591 964 1629 994 ad
1644 973 1738 1004 quam
1752 962 1884 994 ducatur
1904 960 1970 1001 pla-

1143 1015 1221 1036 num
1243 1005 1493 1045 perpendiculare
1514 1017 1533 1037 a
1554 1008 1583 1042 b,
1607 1016 1662 1046 per
1682 1012 1823 1036 centrum
1840 1002 1972 1035 Vena-i·

1145 1049 1304 1086 transiens,
1327 1059 1363 1079 ea
1379 1058 1449 1088 pars
1470 1055 1592 1080 tantum
1609 1054 1734 1088 apparet
1748 1058 1818 1100 quae
1833 1053 1879 1078 est
1892 1045 1973 1076 inter

1147 1090 1276 1130 planum
1290 1102 1309 1122 a
1323 1101 1349 1124 c.
1373 1098 1404 1122 et
1418 1091 1547 1130 planum
1561 1102 1579 1122 c
1593 1091 1624 1126 d,
1640 1090 1725 1121 unde
1739 1100 1812 1121 cum
1826 1088 1973 1130 projectio

1146 1133 1232 1172 plani
1256 1134 1282 1164 C
1297 1144 1314 1164 c
1332 1133 1363 1171 d,
1391 1133 1430 1163 sit
1454 1134 1576 1173 ellipsis,
1601 1134 1674 1164 hinc
1698 1134 1825 1173 gibboso
1848 1135 1974 1171 apparet

1146 1175 1277 1215 planetae
1291 1186 1360 1215 pars
1374 1176 1438 1207 visa
1451 1176 1484 1206 in
1501 1178 1540 1214 B,
1557 1177 1590 1206 in
1608 1177 1633 1207 C
1648 1175 1816 1211 dimidiata,
1832 1180 1864 1204 et
1877 1174 1911 1204 in
1928 1173 1972 1210 D,
2003 1172 2014 1176 “

1147 1218 1267 1254 falcata,
1296 1219 1366 1256 δια,
1397 1219 1470 1259 quia
1493 1230 1513 1250 a
1536 1225 1652 1259 puncto
1681 1219 1722 1255 A,
1748 1215 1974 1258 conjunctionis

1148 1260 1310 1300 superioris
1338 1271 1410 1292 cum
1448 1262 1528 1299 Sole,
1566 1261 1720 1302 elongatio
1756 1270 1812 1290 seu
1840 1257 1975 1299 angulus

1150 1302 1183 1333 A
1202 1303 1231 1333 T
1253 1303 1292 1340 Β,
1319 1304 1425 1334 crescit
1448 1314 1546 1344 usque
1571 1304 1611 1333 ad
1634 1305 1729 1334 situm
1755 1302 1781 1333 C
1807 1312 1825 1332 e
1847 1301 1975 1342 regione

1152 1344 1241 1382 Solis,
1254 1345 1308 1375 ubi
1321 1346 1469 1386 digressio
1483 1347 1617 1376 maxima
1628 1352 1674 1376 est
1687 1352 1719 1376 et
1732 1343 1845 1375 deinde
1856 1343 1975 1374 decres-

1148 1386 1191 1417 cit
1205 1386 1238 1417 in
1256 1387 1299 1424 D,
1321 1394 1414 1428 atque
1428 1388 1579 1419 evanescit
1593 1389 1625 1418 in
1639 1388 1679 1424 E,
1700 1397 1736 1418 ac
1750 1386 1856 1426 postea
1868 1383 1976 1416 rursiis

1150 1429 1256 1459 crescit
1284 1439 1382 1470 usque
1409 1431 1448 1461 ad
1485 1431 1526 1467 G,
1561 1441 1596 1460 ac
1630 1429 1741 1460 deinde
1770 1428 1919 1459 decrescit
1946 1432 1976 1457 et

1149 1471 1282 1512 denique
1303 1471 1409 1502 rursus
1430 1473 1583 1503 evanescit
1603 1473 1637 1502 in
1660 1473 1701 1503 A.
1749 1470 1887 1504 Evidene
1903 1467 1977 1510 ergo

1150 1520 1196 1544 est
1210 1514 1293 1554 quod
1306 1515 1415 1546 Venus
1429 1521 1460 1546 et
1475 1514 1651 1545 Mercurius
1664 1512 1744 1544 circe
1761 1512 1862 1544 Solem
1878 1511 1976 1542 revol-

1149 1563 1260 1587 vantur
1275 1557 1307 1587 in
1321 1557 1425 1588 orbitis
1438 1568 1508 1598 quae
1519 1557 1677 1587 Tellurem
1692 1555 1871 1587 excludunt.
1902 1554 1922 1586 J
1926 1563 1976 1584 am

1150 1599 1223 1629 cum
1243 1600 1387 1630 maximae
1409 1600 1617 1641 elongationes
1633 1599 1762 1629 Veneris
1783 1608 1802 1628 a
1825 1596 1897 1628 Sole
1911 1606 1975 1626 ma-

1144 1641 1228 1681 jores
1250 1641 1310 1672 sint
1331 1641 1578 1682 elongationibus
1603 1640 1761 1675 Mercurii,
1786 1648 1909 1669 necesse
1931 1644 1977 1669 est

1150 1690 1186 1714 ut
1210 1684 1308 1715 orbita
1334 1684 1465 1715 Veneris
1488 1683 1618 1715 orbitam
1645 1682 1796 1714 Mercurii
1821 1680 1974 1721 complec-

1149 1732 1241 1758 tatur.

1192 1769 1290 1809 Mars,
1304 1769 1428 1813 Jupiter
1442 1775 1474 1801 et
1495 1770 1646 1803 Saturnus
1663 1768 1727 1801 soli
1744 1768 1766 1800 S
1780 1765 1927 1815 oppositi.
1958 1775 1976 1797 e

1149 1815 1277 1847 Tellure
1294 1817 1374 1846 Min
1386 1817 1414 1847 E
1431 1814 1523 1856 plene
1537 1812 1614 1847 facie
1629 1815 1767 1846 lucentes
1781 1809 1967 1850 conspiciun-

1150 1865 1209 1895 tur,
1225 1858 1355 1899 ideoque
1371 1859 1479 1889 Tellus
1493 1865 1568 1889 tunc
1582 1857 1727 1897 temporis
1737 1856 1818 1886 inter
1830 1852 1933 1895 Solem
1945 1858 1976 1882 et

1148 1901 1286 1940 planetas
1307 1901 1378 1941 illos
1397 1901 1573 1931 collocatur.
1622 1900 1667 1934 At
1689 1896 1759 1929 vero
1779 1898 1813 1927 in
1827 1895 1974 1936 conjunc-⁸

1149 1944 1232 1974 tione
1247 1950 1283 1974 ut
1296 1944 1329 1974 in
1343 1945 1384 1981 A,
1397 1943 1490 1974 iidem
1505 1943 1637 1982 planetae
1651 1941 1744 1981 pleno
1757 1940 1831 1970 orbe
1841 1937 1974 1978 fulgent,

1149 1986 1338 2027 proindeque
1349 1992 1465 2025 partem
1479 1986 1661 2015 illustratam
1679 1983 1742 2014 Soli
1754 1992 1790 2013 ac
1803 1980 1908 2011 Terrae
1920 1979 1974 2010 ob·

1149 2036 1308 2066 vertentes,
1333 2034 1407 2059 sunt
1423 2028 1505 2058 ultr&
1523 2028 1625 2058 Solem
1641 2026 1751 2066 positi;
1774 2021 1886 2055 deinde
1905 2018 1976 2052 vero

1149 2071 1365 2112 digrediuntur
1386 2082 1405 2101 a
1433 2070 1513 2107 Sole,
1537 2076 1569 2100 et
1594 2070 1680 2100 Mars
1700 2066 1826 2109 quidem
1843 2065 1878 2095 in
1899 2073 1974 2106 ςυστ

1149 2114 1237 2145 drato
1259 2124 1331 2144 cum
1356 2113 1426 2144 Sole
1441 2118 1565 2153 aspectu
1580 2118 1617 2142 ut
1633 2111 1666 2141 in
1686 2111 1723 2147 C,
1746 2106 1973 2156 aliquantulus-mid

1149 2156 1296 2196 gibbosus
1325 2162 1458 2195 apparet,
1489 2154 1573 2196 quod
1597 2152 1848 2199 hemisphaerium
1880 2157 1976 2188 lpsms

1147 2199 1334 2229 illustratum
1358 2205 1389 2229 et
1410 2197 1473 2228 Soli
1494 2199 1655 2228 obversum
1675 2204 1738 2225 non
1760 2198 1855 2234 possit
1874 2196 1976 2233 totum

1151 2241 1255 2272 Terrae
1269 2241 1450 2271 sensibiliter
1464 2239 1589 2275 obverti,
1604 2238 1677 2278 quia
1696 2247 1759 2267 non
1776 2237 1849 2266 satis
1862 2242 1975 2274 magun

1149 2291 1194 2314 est
1208 2285 1301 2324 ejusa
1314 2283 1440 2314 Tellure
1454 2281 1604 2313 distantia.
1634 2280 1680 2310 At
1690 2279 1816 2318 Jupiter
1826 2283 1857 2308 et
1870 2276 1975 2307 Samr-

1148 2336 1208 2356 nus
1222 2326 1294 2357 cum
1305 2324 1429 2366 longius
1443 2335 1462 2354 a
1475 2323 1545 2354 Sole
1559 2330 1590 2354 et
1603 2322 1729 2353 Tellure
1743 2321 1867 2356 distent,
1878 2316 1976 2348 hemi-

1147 2369 1313 2408 spbaerium
1326 2367 1536 2398 illuminatum
1563 2365 1628 2396 Soli
1648 2375 1685 2396 ac
1708 2362 1830 2398 Telluri
1856 2369 1978 2401 semper

1147 2413 1311 2442 obvertunt
1324 2408 1523 2446 sensibiliter;
1545 2417 1618 2438 nam
1633 2407 1705 2438 cnm
1722 2408 1773 2448 (ex
1788 2403 1872 2444 obs.)
1889 2402 1979 2450 Maro

1148 2453 1271 2490 Jovem,
1295 2458 1326 2482 et
1346 2451 1472 2491 Jupiter
1495 2452 1662 2482 Saturnum
1684 2455 1911 2495 nonnunquam!
1930 2450 1978 2477 te·

1150 2501 1237 2536 gant,
1267 2504 1389 2525 necesse
1416 2501 1462 2524 est
1490 2499 1526 2524 ut
1557 2493 1655 2523 orbita
1693 2490 1816 2522 Saturni
1845 2489 1977 2520 orbium

1153 2538 1249 2574 Jovis,
1266 2543 1296 2567 et
1310 2539 1376 2567 hoec
1391 2536 1520 2566 orbitam
1539 2535 1649 2566 Martis
1663 2533 1893 2573 complectatur,
1917 2536 1979 2560 uu

1154 2578 1226 2610 vero
1252 2580 1359 2610 orbitae
1387 2578 1450 2608 illae
1481 2580 1608 2609 'serram
1637 2583 1667 2607 et
1694 2575 1798 2606 Solem
1827 2572 1973 2605 ambiant.

1152 2622 1236 2658 Quia
1271 2621 1344 2652 vero
1385 2620 1526 2652 diametri
1568 2625 1747 2659 apparentes
1782 2617 1977 2663 planetarum

1149 2665 1342 2704 superiorum
1363 2663 1464 2694 multo
1485 2663 1619 2694 minores
1641 2661 1789 2698 videntur,
1801 2659 1978 2697 invopposn-

1149 2706 1285 2737 tionibus
1309 2705 1403 2746 quem
1426 2707 1460 2736 in
1483 2697 1977 2746 conjunctionibus'pltneurum,

1147 2754 1179 2779 et
1193 2748 1346 2779 distantiae
1359 2758 1378 2778 a
1395 2748 1491 2779 Terrfi
1505 2754 1579 2778 sunt
1593 2753 1628 2778 ut
1643 2745 1784 2777 diametri
1797 2747 1980 2784 appr-rente·

1148 2789 1276 2827 inverse,
1303 2800 1425 2821 necesse
1446 2797 1492 2821 est
1510 2796 1546 2821 ut
1565 2789 1672 2821 orbitae
1692 2786 1813 2824 Manis,
1838 2785 1927 2818 Jovin
1946 2789 1981 2816 et

1149 2830 1272 2864 Saturni
1286 2833 1348 2864 sint
1364 2833 1483 2864 Telluri
1497 2831 1667 2864 admodum
1681 2828 1870 2862 excentrica.

2086 2518 2089 2525 v
2070 2238 2092 2467 fitam-3258?
2072 2187 2092 2230 ³1.AE
2073 2118 2092 2147 .'
2073 2074 2081 2091 ‘'
2079 2008 2082 2010 ·
2090 1978 2092 1983 ⁴
