2092 3470
157 217 263 262 CAr.
280 217 387 270 ΙΙΙ.)
443 283 458 295 s
640 215 740 259 ‘AD
770 213 1066 259 TERTIUM
1097 214 1361 257 LIBRUM.
1745 228 1861 257 xxxv

154 340 280 375 rectae
311 333 421 376 Solis
448 334 574 374 etiam
600 331 859 388 aequabiliter
877 330 1202 388 progrederetur
1219 330 1264 371 in
1283 337 1495 385 aequatore
1513 332 1566 373 ab
1585 330 1801 373 occidente
1820 329 1864 371 in

154 403 369 454 orientem,
391 403 480 445 dies
502 403 667 446 Solares
687 418 760 444 seu
779 402 1057 444 revolutiones
1072 401 1247 459 singulae
1259 400 1406 456 puncti
1420 401 1465 442 D
1481 416 1506 442 a
1521 402 1676 444 circulo
1693 400 1866 447 horario

157 476 199 519 T
218 475 254 517 Z
279 474 335 517 ad
364 474 558 525 eundem,
588 482 728 517 essent
747 473 928 530 aequales
948 480 991 516 et
1009 480 1173 528 tempus
1194 485 1399 527 apparens
1419 486 1444 512 a
1462 471 1601 513 medio
1620 487 1706 514 non
1726 471 1867 515 differ·-

155 554 230 588 ret.
294 545 379 587 Sed
408 543 505 587 clim
532 552 672 586 motus
701 544 954 586 ascensionis
982 551 1108 586 rectae
1127 543 1186 594 D,
1208 541 1468 599 inaequabilis
1489 541 1554 592 sit,
1585 541 1672 583 dies
1691 551 1734 584 et
1750 542 1869 586 horae

159 618 326 660 Solares
351 625 447 658 sunt
467 616 634 673 quoque
654 616 893 673 inaequales.
938 616 1000 658 At
1017 622 1220 671 punctum
1240 613 1307 664 M,
1328 613 1586 670 aequabiliter
1604 613 1871 670 progreditur

154 690 200 732 in
219 697 430 746 aequatore
458 688 512 730 ab
540 700 691 730 occasu
711 688 767 730 ad
785 695 937 738 ortum,
958 694 1003 731 et
1020 685 1116 728 ideo
1134 693 1273 728 motus
1292 685 1402 726 illius
1422 684 1620 726 constitui
1638 691 1776 738 potest
1793 696 1871 738 pro

155 759 350 803 mensura
375 759 575 815 temporis
599 759 739 801 medii.
802 759 951 815 Itaque
970 756 1191 815 longitudo
1212 756 1321 799 Solis
1340 755 1478 798 media
1498 763 1539 795 ‘v’
1579 770 1600 797 s
1614 753 1681 796 vel
1699 753 1872 810 aequalis

156 841 220 876 est
253 834 485 876 ascensioni
514 841 641 876 rectae
669 841 713 873 ‘v'
744 833 798 876 D
817 832 884 875 vel
909 831 959 875 ea
987 832 1121 888 major
1150 838 1214 872 est
1241 838 1315 872 aut
1334 829 1484 871 minor.
1544 827 1597 869 In
1614 826 1756 883 primo
1775 840 1874 868 casu

155 914 360 962 punctum
381 906 434 948 M
455 906 652 948 coincidit
670 918 765 948 cum
782 912 940 961 puncto
960 904 1018 955 D,
1041 904 1088 946 in
1108 902 1294 946 secundo
1313 917 1411 944 casu
1429 908 1493 944 est
1511 898 1621 943 ultra
1639 900 1699 951 D,
1730 896 1875 941 versus

156 978 359 1020 orientem
391 985 432 1020 et
460 978 506 1020 in
533 978 658 1020 tertio
686 991 786 1020 casu
814 983 879 1018 est
907 973 1011 1018 citra.
1039 975 1099 1026 D,
1134 972 1279 1017 versus
1317 973 1589 1015 occidentem.
1650 969 1876 1026 Temporis

160 1047 340 1090 absoluti
366 1055 627 1090 momentum
655 1062 738 1105 quo
765 1055 971 1103 punctum
992 1046 1058 1096 M,
1080 1045 1277 1088 coincidit
1304 1057 1401 1086 cum
1429 1051 1587 1099 puncto
1607 1042 1667 1092 D,
1689 1048 1877 1084 sumatur

158 1126 358 1175 tanquam
384 1118 638 1174 principium
657 1134 683 1160 a
702 1133 788 1175 quo
807 1126 984 1173 tempus*
1001 1130 1206 1172 apparens
1226 1124 1269 1157 et
1287 1123 1451 1169 tempus
1470 1112 1657 1155 medium
1675 1111 1879 1167 incipiunt

161 1191 395 1246 computari
414 1198 457 1234 et
477 1206 561 1248 quo
581 1191 704 1233 simul
723 1190 991 1240 coincidunt3
1022 1197 1065 1231 et
1083 1189 1127 1230 in
1146 1188 1236 1239 aliis
1256 1187 1418 1230 casibus
1438 1177 1602 1241 tempus
1623 1199 1830 1241 apparens
1849 1198 1876 1233 a

161 1263 303 1306 medio
322 1264 485 1307 differet
502 1280 582 1321 pro
602 1265 831 1322 quantitate
850 1262 971 1306 arcus
1001 1262 1054 1305 M
1075 1262 1120 1304 D
1140 1262 1184 1303 in
1203 1269 1368 1316 tempus
1387 1259 1523 1301 solare
1542 1257 1732 1301 conversi
1762 1256 1879 1313 (16);

162 1334 276 1377 Nam
294 1335 397 1378 dum
415 1345 620 1392 punctum
640 1337 699 1387 D,
722 1344 786 1378 est
805 1335 884 1377 sub
903 1333 1135 1376 meridiano
1165 1332 1207 1375 T
1229 1332 1276 1382 Z,
1307 1329 1412 1372 hora
1450 1328 1520 1371 12Α
1549 1336 1818 1385 computatur
1836 1328 1881 1370 in

160 1406 255 1449 loco
281 1408 398 1463 cujus
426 1407 682 1450 meridianus
708 1415 772 1449 est
801 1407 843 1448 T
871 1406 922 1457 Z,
949 1413 991 1447 et
1013 1404 1086 1446 ubi
1113 1411 1318 1460 punctum
1349 1401 1403 1445 M
1428 1401 1555 1444 distat
1578 1416 1605 1443 a.
1630 1408 1791 1457 puncto
1819 1400 1880 1451 D,

162 1493 284 1522 arcus
301 1479 352 1522 M
368 1480 428 1530 D,
448 1480 494 1522 in
513 1487 678 1535 tempus
697 1480 832 1523 solare
852 1493 1089 1528 conversus,
1111 1477 1228 1519 dabit
1241 1475 1518 1518 differentiam
1537 1475 1646 1517 inter
1664 1473 1883 1516 meridiem

163 1559 432 1608 apparentem
452 1560 494 1595 et
511 1552 730 1595 meridiem
747 1551 936 1594 medium
956 1550 1028 1607 qui
1048 1549 1252 1605 contingit
1271 1546 1441 1605 quando
1458 1554 1664 1603 punctum
1685 1545 1739 1589 M
1758 1553 1822 1587 est
1839 1544 1884 1587 in

96 1652 98 1656 s
165 1624 397 1666 meridiano
419 1624 461 1666 T
482 1625 530 1666 Z.
1138 1622 1161 1670 f

175 1727 177 1730 -
222 1701 293 1738 46.
329 1694 477 1752 Itaque
509 1703 674 1751 tempus
705 1695 893 1737 medium
922 1694 967 1735 in
999 1707 1205 1749 apparens
1240 1692 1300 1735 sic
1338 1691 1606 1734 convertitur.
1669 1688 1887 1740 Quaeritur

163 1767 386 1825 longitudo
417 1768 525 1810 Solis
554 1776 646 1809 tum
665 1767 816 1817 media,
847 1773 939 1808 tum
958 1780 1056 1807 vera
1075 1764 1255 1820 tempori
1274 1762 1373 1805 dato
1392 1762 1650 1818 respondens
1672 1760 1767 1817 (44)
1788 1757 1886 1801 inde

167 1840 327 1882 eruitur
345 1840 619 1898 longitudinis
639 1855 750 1900 yerae
769 1839 957 1882 ascensio
971 1846 1086 1881 recta
1101 1838 1208 1893 (14),
1226 1836 1260 1880 si
1279 1836 1371 1878 haec
1390 1837 1523 1891 major
1542 1843 1605 1878 est
1622 1833 1760 1878 media
1779 1833 1888 1877 Solis

167 1911 443 1968 longitudine,
466 1911 700 1955 differentia
717 1911 762 1952 in
781 1919 946 1966 tempus
967 1909 1101 1952 solare
1130 1917 1330 1951 conversa
1349 1906 1606 1950 subtrahitur
1627 1921 1682 1949 ex
1700 1914 1890 1962 tempore

166 1981 307 2024 medio
339 1990 389 2024 ut
415 1982 491 2024 fiat
518 1994 740 2038 apparenS,
770 1982 938 2025 additur
967 1981 1003 2023 si
1030 1981 1176 2039 minor·
1194 1987 1270 2022 est.
1331 1980 1393 2022 At
1418 1987 1584 2035 tempus
1613 1992 1819 2034 apparens
1845 1977 1890 2018 in

167 2052 353 2094 medium
382 2051 442 2095 ita
468 2061 666 2095 mutatur.
726 2053 915 2108 Tempus
935 2067 1141 2108 apparens
1164 2059 1364 2107 tanquam
1381 2050 1568 2093 medium
1589 2049 1888 2099 consideratur,
1915 2088 1921 2095 ἴ

170 2131 213 2166 et
241 2123 465 2179 inquiritur
493 2139 574 2179 pro
602 2124 702 2165 dato
725 2132 916 2179 tempore
942 2123 1165 2180 longitudo
1188 2123 1296 2165 Solis
1315 2121 1405 2163 tum
1424 2121 1575 2171 media,
1598 2130 1687 2162 tum
1706 2135 1818 2171 vera,
1849 2129 1891 2161 et

169 2194 268 2237 inde
288 2196 447 2237 eruitur
465 2195 738 2253 longitudinis
761 2211 869 2236 verae
890 2196 1076 2237 ascensio
1096 2202 1232 2243 recta3
1263 2194 1299 2235 si
1317 2194 1410 2235 haec
1423 2192 1604 2234 mediam
1627 2192 1736 2235 Solis
1755 2191 1890 2249 longi-

170 2268 359 2310 tudinem
386 2276 566 2324 superat,
599 2268 834 2310 differentia
862 2268 907 2308 in
936 2275 1101 2322 tempus
1132 2266 1266 2308 solare
1291 2280 1490 2307 conversa
1519 2265 1687 2306 additur
1712 2264 1891 2319 tempori

172 2339 390 2394 apparenti
407 2346 455 2380 ut
474 2339 548 2380 fiat
565 2338 764 2380 medium.
809 2338 855 2380 Si
874 2336 974 2379 vero
993 2336 1265 2394 longitudinis
1285 2350 1395 2377 verae
1415 2335 1601 2377 ascensio
1620 2343 1735 2376 recta
1754 2334 1893 2376 minor

172 2419 236 2454 est
259 2411 397 2454 media
427 2412 536 2454 Solis
559 2411 835 2468 longitudine,
864 2409 1100 2452 differentia
1119 2409 1163 2450 in
1183 2417 1350 2463 tempus
1369 2407 1504 2450 solare
1524 2422 1725 2449 conversa
1744 2422 1769 2448 a
1787 2415 1892 2447 tem-

172 2498 276 2539 pore
303 2492 527 2540 apparente
559 2483 817 2525 subducitur.
879 2482 1009 2532 Quod
1035 2482 1070 2523 si
1097 2481 1236 2523 media
1266 2481 1373 2523 Solis
1398 2480 1617 2537 longitudo
1642 2479 1812 2536 aequalis
1840 2479 1891 2520 sit

175 2556 404 2598 ascensioni
425 2564 549 2598 rectae
567 2556 840 2613 longitudinis
861 2571 984 2606 verae,
1016 2563 1181 2611 tempus
1201 2569 1406 2610 apparens
1426 2554 1618 2611 congruit
1638 2567 1732 2594 cum
1751 2551 1890 2593 medio

173 2627 370 2684 nullaque
404 2636 499 2685 eget
532 2628 778 2684 aequatione.
842 2627 954 2669 Haec
988 2628 1130 2668 omnia
1158 2641 1212 2668 ex
1245 2625 1372 2667 modo
1407 2626 1528 2667 dictis
1558 2625 1649 2680 (46)
1676 2623 1892 2665 manifesta

176 2709 298 2751 sunt3
330 2701 366 2742 si
385 2701 496 2742 enim
514 2708 718 2756 punctum
738 2700 783 2743 D
805 2708 867 2741 est
886 2699 1126 2741 orientalius
1144 2706 1302 2754 puncto
1325 2698 1390 2749 M,
1411 2698 1493 2739 hoc
1513 2695 1632 2739 citius
1652 2695 1705 2737 ad
1724 2695 1892 2737 meridi-

177 2786 305 2813 anum
327 2771 368 2814 T
385 2772 432 2821 Z,
454 2772 643 2826 pervenit
662 2770 787 2827 quam
807 2770 926 2820 illud,
949 2785 998 2812 ac
1017 2770 1196 2826 proinde
1215 2769 1320 2811 hora
1342 2774 1412 2810 12²
1426 2766 1764 2824 temporismedii
1780 2781 1892 2808 com-

176 2849 359 2898 putatur,
396 2839 492 2883 cum
525 2841 712 2883 nondum
744 2849 806 2883 est
833 2840 1028 2882 meridies
1058 2841 1258 2896 temporis
1287 2839 1537 2895 apparentiS,
1569 2845 1611 2880 et
1638 2837 1894 2880 contrarium

180 2905 394 2969 contingit,
429 2912 464 2953 si
496 2912 776 2967 punctum'D
810 2919 971 2968 puncto
1001 2911 1055 2953 M
1083 2911 1209 2953 fuerit
1239 2910 1546 2952 occidentalius.
1607 2909 1696 2951 Ubi
1730 2917 1894 2964 tempus

183 2998 387 3040 apparens
407 2984 450 3025 in
470 2983 657 3026 medium
676 2992 842 3040 oportet
863 2984 1062 3034 converti,
1085 2991 1272 3039 tempore
1286 2990 1510 3038 apparente
1524 2982 1678 3025 utimur
1697 2990 1894 3040 tanquam

1000 3059 1027 3090 C
1050 3062 1070 3089 2
