2092 3470
499 188 753 232 FLUXUS
782 188 865 231 Ac
896 186 1234 232 REFLUXUS
1266 188 1477 232 MARIS.
1760 192 1844 230 299

136 298 285 340 Altera.
313 306 452 341 autem
485 299 705 342 difficultas
733 301 778 341 in
805 300 894 356 ipsa
923 299 1080 356 analysi
1111 307 1173 341 est
1199 301 1346 354 posita,
1379 300 1429 342 εὸ
1459 300 1573 357 quod
1601 300 1679 343 iste
1706 308 1846 342 motus

134 369 259 411 maris
279 370 513 425 reciprocus
541 385 712 426 prorsus
733 372 785 412 sit
804 371 989 413 diversus
1009 370 1061 411 ab
1081 369 1272 410 omnibus
1297 371 1620 414 oscillationibus
1639 386 1663 412 a
1681 371 1844 413 mathe-

134 440 293 482 maticis
322 440 458 482 adhuc
487 441 779 483 consideratis:
810 442 916 483 vires
946 441 1057 483 enim
1087 440 1223 482 Lunae
1243 454 1292 480 ac
1314 441 1425 481 Solis·
1441 443 1555 483 mare
1575 442 1844 484 sollicitantes

133 524 269 567 neque
299 526 325 551 a
359 511 438 552 situ
471 513 656 567 corporis
685 512 921 562 oscillantis‚
957 526 1094 568 neque
1121 511 1175 552 ab
1203 510 1289 566 ejus
1320 511 1527 553 celeritate
1554 513 1753 568 pendent,
1782 512 1846 554 uti

132 582 177 623 id
206 597 284 624 usu
311 583 424 624 venit
450 584 495 624 in
525 584 717 625 omnibus
737 583 1040 625 oscillationum
1060 582 1221 624 casibus
1250 581 1374 622 etiam
1394 597 1506 624 nunc
1526 585 1738 639 expositis,
1769 582 1844 625 sed

133 668 194 694 eae
212 654 318 695 vires
348 669 373 695 a
402 655 483 696 situ
512 654 776 696 luminarium
795 661 986 710 respectu
1006 653 1167 703 Terrae,
1197 651 1376 708 ideoque
1395 667 1421 693 a
1441 660 1628 709 tempore
1647 654 1845 696 determi-

130 734 296 776 nantur,
328 727 556 782 cujusmodi
584 726 859 781 oscillationes
887 739 1012 767 nemo
1040 723 1191 773 adhuc,
1223 731 1424 779 quantum
1460 723 1629 780 quidem
1663 733 1838 776 constat,

132 798 291 839 calculo
321 799 506 854 subjecit.
1078 832 1080 834 -

188 874 219 924 §.
242 875 309 914 75.
341 870 470 920 Quod
490 870 657 927 quidem
676 871 731 912 ad
749 871 931 926 priorem
952 869 1235 911 difficultatem
1253 868 1469 925 physicam
1487 869 1646 919 attinet,
1675 883 1742 910 res
1760 868 1843 909 hoc

130 941 298 997 quidem
327 950 515 997 tempore
537 941 622 983 fere
651 941 869 996 desperata
888 939 1076 990 videtur3
1108 954 1358 996 quamquam
1377 940 1487 981 enim
1507 939 1560 981 ab
1580 939 1718 996 aliquo
1738 947 1843 981 tem·
1857 957 1867 959 ⁷⁷

130 1028 232 1068 pore
261 1013 421 1055 theoria
449 1012 585 1054 motfis
615 1026 815 1068 aquarum
844 1012 1028 1069 ingentia
1059 1011 1111 1053 sit
1136 1018 1325 1052 assecuta
1346 1011 1612 1061 incrementa,
1634 1018 1774 1052 tamen
1794 1026 1844 1052 ea

131 1084 390 1139 potissimum
408 1091 568 1124 motum
588 1097 788 1139 aquarum
817 1082 861 1124 in
880 1083 989 1124 vasis
1009 1090 1051 1124 et
1069 1082 1416 1124 tubis-fluentium
1435 1082 1675 1137 respiciunt,
1706 1096 1846 1138 neque

130 1157 201 1198 vix
244 1156 374 1197 ullum
417 1155 682 1197 commodum
722 1155 819 1197 inde
858 1154 912 1196 ad
950 1163 1111 1196 motum
1150 1154 1294 1195 oceani
1340 1152 1626 1195 definiendum
1664 1152 1846 1195 derivari

128 1237 277 1286 potest.
339 1228 626 1279 Quamobrem
654 1230 698 1271 in
727 1228 808 1270 hoc
828 1229 999 1286 negotio
1018 1228 1132 1271 aliud
1152 1228 1381 1285 quicquam
1402 1236 1601 1284 praestare
1620 1242 1706 1269 non
1725 1227 1838 1278 licet,

128 2058 208 2099 nisi
236 2066 283 2100 ut
309 2059 607 2119 hypothesibus
637 2060 894 2118 effingendis,
926 2075 1020 2117 quae
1048 2076 1074 2102 a
1095 2060 1266 2102 veritate
1286 2058 1412 2116 quam
1430 2058 1601 2101 minime
1622 2058 1836 2110 abludunt,

128 2139 215 2173 tota
235 2134 408 2188 quaestio
427 2134 481 2175 ad
501 2134 846 2176 considerationes
869 2134 974 2190 pure
1000 2135 1270 2192 geometricas
1290 2142 1331 2176 et
1350 2134 1573 2190 analyticas
1594 2142 1838 2176 revocetur:

129 2202 299 2245 alteram
333 2213 470 2246 autem
502 2205 784 2247 difficultatem
812 2206 1159 2257 mathematicam,
1191 2207 1351 2248 etiamsi
1381 2206 1632 2248 difficillimis
1655 2207 1846 2263 integra-

130 2273 310 2315 tionibus
345 2275 398 2316 sit
430 2276 626 2326 involuta,
658 2284 799 2318 tamen
830 2276 1003 2319 feliciter
1037 2292 1235 2333 superare
1268 2277 1531 2319 confidimus.
1609 2277 1845 2319 Considero

131 2344 284 2387 scilicet
300 2346 572 2401 'superficiem
601 2362 719 2403 aquae
752 2347 793 2389 R
816 2348 859 2398 S,
891 2362 984 2404 quae
1010 2348 1091 2389 hoc
1118 2348 1162 2389 in
1189 2349 1270 2390 situ
1289 2349 1566 2405 aequilibrium
1584 2355 1725 2390 teneat
1744 2362 1845 2390 cum

131 2415 290 2471 reliqua
322 2432 440 2473 aqua,
477 2419 644 2460 remotis
678 2419 834 2460 viribus
868 2420 1074 2472 externis;
1115 2419 1181 2461 his
1214 2419 1314 2461 vero
1344 2420 1634 2462 accedentibus
1670 2420 1844 2463 alternis

133 2486 288 2529 vicibus
308 2489 516 2531 attollatur
534 2491 578 2531 in
606 2491 660 2541 A,
693 2478 1028 2547 deprimaturque
1056 2491 1100 2532 in
1131 2491 1182 2532 B.
1244 2490 1373 2541 Quod
1393 2492 1427 2532 si
1446 2492 1574 2548 igitur
1593 2506 1702 2547 aqua
1720 2491 1765 2532 in
1788 2490 1843 2533 M

133 2565 264 2615 usque
294 2560 346 2601 sit
373 2561 578 2616 depressa,
610 2570 732 2618 atque
762 2570 946 2604 externae
971 2563 1079 2604 vires
1109 2563 1216 2604 Solis
1237 2577 1286 2604 ac
1307 2562 1442 2604 Lunae
1462 2562 1599 2604 subite>
1620 2570 1842 2613 cessarent,

134 2637 222 2671 tum
254 2630 295 2670 vi
327 2633 536 2687 gravitatis
566 2633 749 2688 propriae
780 2641 1000 2675 conaretur
1031 2648 1119 2675 sese
1154 2633 1314 2674 elevare
1344 2647 1474 2688 usque
1505 2633 1550 2674 in
1581 2633 1705 2674 situm
1736 2633 1778 2675 R
1806 2635 1841 2676 S

135 2701 378 2751 naturalem,
410 2702 566 2758 isteque
585 2715 757 2745 conatus
777 2703 827 2745 εὸ
848 2704 926 2745 erit
945 2705 1089 2760 major,
1122 2703 1205 2760 quo
1223 2705 1355 2760 majus
1376 2703 1500 2746 fuerit
1520 2705 1700 2759 spatium
1729 2703 1766 2746 C
1790 2704 1843 2747 M

137 2787 221 2828 quo
249 2788 274 2813 a
302 2773 383 2814 situ
411 2774 587 2814 naturali
616 2774 750 2816 distat.
811 2775 853 2816 A
872 2775 1043 2816 veritate
1062 2776 1200 2831 itaque
1218 2789 1304 2816 non
1324 2775 1501 2816 multum
1522 2774 1778 2826 recedemuS,
1809 2776 1846 2816 si

137 2842 246 2884 hanc
256 2842 350 2883 ‘vim
375 2842 456 2897 ipsi
483 2844 615 2897 spatio
646 2845 699 2886 M
721 2845 757 2887 C
786 2860 990 2900 ponamus
1010 2845 1388 2901 proportionalem:
1419 2845 1692 2901 quamobrem
1708 2846 1849 2901 posito

139 2915 271 2970 spatio
303 2915 355 2957 M
379 2915 414 2956 C
434 2934 479 2950 =
501 2931 519 2956 s
550 2917 628 2957 erit
651 2917 725 2967 vis,
756 2932 849 2972 quae
879 2932 997 2974 aquae
1027 2917 1290 2974 superficiem
1319 2917 1363 2958 in
1392 2916 1445 2977 M
1464 2931 1596 2973 usque
1615 2917 1853 2973 depressam

139 3013 297 3055 attollet
314 3032 360 3048 =
378 3003 444 3108 ἑ,
468 3024 560 3069 quae
581 3013 821 3070 hypothesis
834 3016 887 3057 ad
900 3017 1115 3059 veritatem
1135 3016 1185 3058 eo
1204 3014 1377 3072 propius
1391 3008 1563 3068 accedit,
1579 3015 1692 3075 quod
1708 3025 1854 3073 sponte
