2092 3470
257 255 338 292 258
589 250 941 300 INQUISITIO
975 252 1246 297 PHYSICA
1275 255 1342 297 IN
1373 256 1631 301 CAUSAM

255 365 427 407 diversis
458 364 606 407 Terrae
633 366 870 423 regionibus
900 367 982 408 sint
1010 367 1246 424 inaequales,
1275 371 1492 426 aequilibrii
1510 380 1650 415 tamen
1669 381 1797 417 status
1817 375 1952 425 detur,

255 436 299 476 in
331 451 414 492 quo
448 443 586 491 partes
620 436 786 478 tandem
820 437 994 492 singulae
1025 439 1327 494 conquiescant,
1361 456 1495 497 neque
1525 443 1726 499 perpetuo
1764 445 1889 494 inter⁴
1909 460 1955 488 se

258 508 404 563 agitari
437 516 624 564 pergant.
685 508 825 564 Atque
854 508 962 549 hanc
996 509 1050 549 ob
1082 524 1169 551 rem
1203 510 1374 567 singulae
1409 512 1555 565 Terrae
1592 523 1728 569 partes
1758 531 1783 556 a
1822 514 1954 559 tribus

253 578 409 620 viribus
444 579 674 635 sollicitatae
704 579 957 621 considerari
992 579 1215 631 debebunt,
1248 581 1384 636 primo
1416 584 1570 626 scilicet
1602 601 1627 627 a
1659 588 1826 642 propria
1857 602 1953 645 gra-

258 649 394 699 vitate,
426 649 506 705 qua
536 649 689 691 directe
719 649 910 691 deorsum
940 649 1148 700 nituntur3
1179 649 1268 693 tum
1298 652 1396 694 vero
1416 668 1441 695 a
1459 655 1515 706 vi,
1547 655 1627 712 qua
1647 658 1701 698 ad
1723 659 1861 710 Solem
1882 673 1952 700 ur-

250 725 415 775 gentur,
449 733 497 760 ac
528 719 650 761 tertio
683 735 707 761 a
737 720 778 761 vi
811 717 952 761 versus
983 719 1147 761 Lunam
1177 720 1356 772 direct&
1385 722 1534 779 haeque
1563 733 1645 778 tres
1667 727 1788 778 vires,
1815 730 1951 785 cujus-

253 789 370 831 modi
390 789 667 845 phaenomena
685 790 829 853 quovis
849 797 1033 844 tempore
1059 790 1102 830 in
1120 790 1305 845 partibus
1327 792 1473 835 Terrae
1492 794 1628 836 fluidis
1657 797 1843 854 gignant,
1871 801 1952 854 ‘erit

247 860 592 918 investigandum.
1008 911 1016 918 „

304 935 336 985 ᾗ.
368 938 433 974 19.
481 931 579 981 Quo
613 932 740 988 igitur
774 932 857 973 vim
887 931 1069 982 totalem,
1086 987 1088 990 Ι
1106 931 1185 988 qua
1223 932 1356 975 Terra
1390 934 1456 977 vel
1490 952 1515 978 a
1548 936 1644 979 Sole
1677 939 1741 979 vel
1772 954 1797 980 a
1828 940 1951 983 Lunfi

246 1011 430 1060 urgetur,
467 1003 724 1054 definiamus,
767 1003 1073 1045 consideremus
1111 1003 1296 1058 primum
1334 1007 1611 1063 peripheriam
1646 1009 1788 1051 circuli
1830 1011 1882 1053 M
1907 1013 1951 1054 N

246 1085 440 1132 tanquam
469 1091 523 1117 ex
549 1076 719 1117 materia
745 1074 1001 1133 homogenez‘i
1022 1090 1121 1116 con-

243 1148 396 1196 fiatam,
419 1147 533 1202 cujus
554 1154 696 1187 centro
719 1146 755 1187 P
774 1146 1019 1188 verticaliter
1039 1146 1116 1186 im-

243 1218 397 1259 mineat
419 1218 491 1259 Sol
511 1217 576 1258 vel
596 1217 719 1259 Luna
738 1218 781 1258 in
801 1219 843 1268 S,
866 1218 923 1258 ita
937 1225 984 1258 ut
1003 1225 1116 1258 recta
1898 1225 1923 1258 s

245 1289 282 1331 P
304 1291 334 1332 S
360 1289 414 1331 ad
441 1290 614 1344 planum
634 1290 776 1331 circuli
807 1290 860 1332 M
881 1290 923 1331 N
952 1290 1003 1330 sit
1021 1302 1116 1343 per-

240 1362 530 1417 pendicularis.
587 1363 650 1405 Sit
669 1363 812 1404 circuli
831 1363 954 1419 hujus
975 1361 1114 1403 radius
1227 1390 1237 1400 Ι

243 1432 280 1473 Ρ
303 1433 355 1475 Μ
382 1450 424 1471 =
444 1449 490 1490 y,
522 1441 563 1475 et
586 1434 780 1476 distantia
811 1435 840 1475 S
864 1434 898 1474 P
925 1451 966 1472 =
992 1449 1035 1484 x,
1068 1447 1116 1474 ac
1180 1483 1235 1513 M
1253 1331 1553 1494 V
1648 1466 1687 1492 N,

241 1503 303 1545 vis
323 1503 413 1544 sive
430 1499 537 1545 Solis
553 1505 637 1547 sive
654 1504 788 1547 Lunae
803 1504 990 1546 absoluta
1008 1521 1050 1542 =
1072 1503 1114 1545 S.

242 1575 327 1616 His
338 1575 482 1629 positis
495 1575 739 1618 elementum
753 1575 998 1631 peripheriae
1013 1575 1115 1618 Mm
1193 1550 1230 1568 m
1247 1428 1639 1728 ὕ

239 1646 416 1700 pelletur
449 1646 503 1687 ad
537 1647 567 1689 S
605 1647 649 1689 in
684 1647 910 1690 directione
946 1648 998 1690 M
1020 1649 1049 1691 S
1073 1645 1114 1687 vi

240 1733 525 1784 acceleratric'e
553 1759 595 1781 =
672 1718 701 1760 S
959 1720 989 1760 S

628 1783 679 1824 M
698 1782 755 1825 S2
781 1790 822 1797 ““
852 1799 882 1825 x
901 1799 931 1824 x
959 1792 999 1832 4-
1025 1800 1052 1840 y
1071 1774 1111 1840 y’

238 1852 371 1907 posita
392 1852 487 1895 cum
501 1855 542 1895 vi
560 1854 770 1911 gravitatis
786 1854 980 1895 naturalis
995 1855 1038 1894 in
1056 1853 1272 1910 superficie
1288 1853 1434 1894 Terrae
1457 1868 1498 1889 =
1525 1857 1560 1902 l,
1578 1851 1666 1893 tum
1682 1853 1803 1894 etiam
1821 1854 1941 1897 semi-

238 1925 441 1966 diametro
470 1926 617 1968 Terrae
653 1944 695 1965 =
734 1933 751 1968 1
774 1942 783 1967 :
819 1934 942 1981 atque
970 1925 1078 1966 hanc
1107 1927 1161 1967 ob
1189 1940 1277 1967 rem
1308 1925 1559 1965 elementum
1590 1923 1643 1964 M
1662 1938 1705 1965 m
1734 1924 1877 1967 versus
1909 1927 1940 1969 S

236 2025 390 2067 nitetur
418 2025 459 2066 vi
486 2041 527 2063 =
557 2000 793 2082 Q
857 2025 1105 2067 Resolvatur
1124 2025 1214 2067 haec
1233 2024 1292 2066 vis
1322 2023 1365 2063 in
1385 2022 1503 2063 binas
1533 2022 1732 2075 laterales,
1764 2039 1939 2080 quarum

553 2081 583 2106 x
597 2081 627 2107 x
646 2067 688 2108 -ἱ-
700 2082 729 2122 y
747 2083 775 2122 y

234 2138 402 2180 alterius
423 2138 595 2179 directio
616 2137 736 2180 cadat
761 2138 804 2179 in
836 2138 887 2180 M
910 2139 959 2189 P,
990 2139 1157 2181 alterius
1176 2137 1274 2180 verb
1295 2138 1346 2178 sit
1364 2136 1561 2192 parallela
1580 2137 1795 2180 directioni
1827 2139 1864 2180 P
1883 2139 1937 2189 S;

234 2219 356 2267 atque
391 2210 558 2252 evidens
593 2210 672 2251 erit
705 2210 810 2252 vires
845 2225 988 2252 omnes
1020 2210 1072 2252 M
1095 2211 1130 2252 P
1161 2224 1236 2265 per
1262 2217 1390 2250 totam
1419 2207 1696 2262 peripheriam
1724 2225 1767 2250 se
1790 2209 1935 2251 mutuo

233 2282 459 2331 destruere,
482 2281 703 2323 alterarum
726 2280 824 2322 vero
844 2281 1023 2322 mediam
1043 2280 1310 2321 directionem
1332 2277 1478 2319 cadere
1498 2278 1541 2318 in
1570 2278 1606 2319 P
1628 2279 1670 2329 S,
1702 2295 1750 2321 ac
1770 2281 1853 2322 vim
1870 2280 1934 2321 his

234 2356 426 2397 omnibus
447 2354 760 2410 aequivalentem
779 2354 923 2395 iisdem
946 2354 1196 2410 conjunctim
1218 2352 1360 2394 sumtis
1373 2351 1460 2393 fore
1474 2350 1687 2406 aequalem.
1723 2352 1934 2406 Trahetur

1661 2424 1732 2465 Sx
1756 2432 1790 2465 Χ
1815 2423 1917 2465 Mm

1657 2491 1741 2543 (xx
1755 2478 1929 2546 ÷yy){’

228 2566 339 2608 unde
358 2562 493 2621 posita
515 2566 674 2608 ratione
694 2567 799 2609 radii
818 2567 872 2609 ad
890 2564 1168 2622 peripheriam
1195 2579 1236 2602 =
1267 2568 1285 2604 1
1318 2574 1329 2605 z
1358 2578 1385 2601 π
1403 2569 1490 2603 tota
1508 2561 1649 2602 circuli
1677 2561 1729 2603 M
1750 2561 1792 2603 N
1820 2561 1930 2616 peri-

226 2637 384 2692 pheria,
415 2651 509 2694 quae
538 2637 616 2678 erit
643 2654 684 2675 =
711 2655 738 2677 «π
755 2653 795 2695 y,
818 2637 1032 2695 urgebitur
1062 2650 1135 2677 seu
1162 2633 1278 2690 quasi
1306 2632 1524 2689 gravitabit
1543 2630 1686 2673 versus
1717 2632 1748 2673 S
1775 2631 1819 2672 in
1838 2630 1927 2686 ipsa

231 2459 369 2493 autem
389 2450 638 2492 elementum
661 2450 712 2493 M
731 2466 773 2492 m
794 2453 837 2493 in
857 2451 1082 2493 directione
1108 2450 1188 2505 ipsi
1219 2449 1256 2491 P
1278 2449 1308 2490 S
1327 2448 1522 2504 parallela
1536 2448 1576 2490 vi
1595 2463 1636 2486 =

226 2735 450 2778 directione
473 2735 509 2776 P
532 2735 562 2777 S
582 2735 623 2776 vi
645 2752 687 2774 =
710 2712 1038 2832 (ἐξὲξ-τ.
1117 2733 1193 2775 Vis
1232 2738 1369 2774 autem
1413 2730 1677 2772 acceleratrix
1715 2730 1796 2786 qua
1835 2729 1927 2772 haec

224 2848 458 2903 peripheria
486 2847 629 2890 circuli
659 2846 800 2890 versus
835 2848 865 2890 S
885 2791 1189 2896 {ollicitabitun
1218 2845 1414 2901 prodibit,
1447 2845 1481 2886 si
1501 2845 1560 2886 vis
1580 2843 1731 2886 moti-ix
1759 2843 1925 2885 inventa

224 2946 429 2988 dividatur
448 2963 523 3004 per
543 2962 720 2989 massam
739 2945 997 2996 movendam,
1014 2959 1107 3001 quoe
1122 2952 1184 2986 est
1203 2959 1244 2982 =
1266 2961 1292 2983 «π
1305 2959 1345 3000 y,
1368 2943 1526 3000 eritque
1548 2957 1590 2980 =
1613 2986 1699 3038 (xx
1719 2916 1760 3032 Ξ
1772 2930 1861 3039 }y)
1878 2983 1903 3033 ᾗ

287 3062 317 3112 §.
340 3064 406 3101 20.
441 3059 540 3101 Hoc
568 3060 795 3116 praemisso,
827 3057 1151 3113 contemplemur
1182 3056 1441 3111 superficiem
1470 3053 1711 3111 sphaericam
1739 3051 1919 3110 genitam
