2092 3470
0 2944 19 3376 UWffl'⁴‘'⁸
0 2927 2 2930 ⁴

179 227 327 269 Lrnmt
344 226 583 279 Teanum]
640 222 963 269 PRINCIPIA
993 224 1484 269 MATHEMATICA.
1503 245 1513 251 -
1811 231 1867 267 45

173 340 222 396 (¹)
245 340 350 382 Aliis
375 340 419 382 in
448 339 610 382 casibus
629 339 824 381 distantia
844 347 1081 381 centrorum
1102 351 1266 392 semper
1283 338 1419 378 minor
1439 345 1514 379 est.
1574 339 1632 381 Et
1649 345 1871 394 propterea

171 409 268 452 cum
302 419 487 453 centrum
518 410 622 452 illud
654 410 865 468 gravitatis
895 409 1098 466 perpetuo
1132 408 1316 465 quiescit,
1361 407 1434 449 Sol
1466 422 1545 462 pro
1578 411 1692 451 vario
1725 409 1869 464 plane-

170 492 306 525 tarum
334 483 415 525 situ
443 483 488 524 in
514 498 659 526 omnes
686 492 825 539 partes
851 484 1097 534 movebitur,
1120 482 1193 525 sed
1213 497 1238 524 a
1257 489 1402 523 centro
1422 481 1495 523 illo
1514 496 1726 538 nunquam
1743 481 1868 540 longe

168 554 345 597 recedet.

227 627 358 668 Corol.
391 624 509 667 Hinc
537 640 756 669 commune
774 625 987 684 gravitatis
1007 632 1196 667 centrum
1226 624 1386 675 Terrae,
1421 623 1529 666 Solis
1549 630 1591 665 et
1608 623 1868 678 planetarum

168 698 355 753 omnium
381 713 460 754 pro
479 707 623 741 centro
642 700 787 741 mundi
805 698 1043 740 habendum
1062 704 1137 739 est.
1197 697 1309 740 Nam
1328 695 1424 739 cum
1443 696 1592 746 Terra,
1627 695 1699 737 Sol
1719 702 1760 736 et
1779 694 1867 749 pla-

169 776 279 810 netae
306 783 449 811 omnes
477 771 684 826 gravitent
711 771 754 811 in
784 785 828 812 se
854 768 1014 820 mutuo,
1045 776 1087 810 et
1113 775 1347 824 propterea,
1376 781 1456 823 pro
1475 768 1516 809 vi
1534 766 1746 824 gravitatis
1766 781 1865 815 suae,

167 840 394 881 secundum
421 841 534 898 leges
562 841 699 883 motfis
727 840 929 896 perpetuo
952 841 1182 898 agitentur:
1213 841 1480 896 perspicuum
1501 848 1563 882 est
1582 839 1696 896 quod
1716 839 1867 880 horum

166 921 308 954 centra
326 914 494 955 mobilia
515 928 594 968 pro
613 913 759 955 mundi
778 921 921 955 centro
941 913 1177 969 quiescente
1195 911 1339 954 haberi
1357 919 1581 968 nequeunt.
1643 910 1688 953 Si
1717 925 1867 965 corpus

165 982 269 1024 illud
288 984 331 1024 in
352 992 494 1025 centro
513 984 734 1026 locandum
750 991 873 1034 esset,
904 984 949 1024 in
978 983 1090 1040 quod
1111 998 1285 1039 corpora
1304 984 1443 1025 omnia
1461 981 1642 1024 maxime
1661 982 1867 1039 gravitant

166 1055 245 1110 (uti
272 1055 386 1112 vulgi
415 1063 476 1097 est
493 1055 650 1110 opinio)
679 1055 942 1112 privilegium
970 1055 1083 1097 istud
1111 1055 1424 1097 concedendum
1452 1063 1560 1097 esset
1595 1054 1694 1097 Soli.
1757 1054 1867 1096 cum

144 1108 302 1168 ‘autem
334 1127 406 1169 Sol
433 1136 658 1178 moveatur,
690 1127 927 1185 eligendum
948 1128 1026 1169 erit
1043 1135 1243 1184 punctum
1264 1128 1492 1184 quiescens,
1524 1143 1550 1169 a
1575 1143 1659 1184 quo
1678 1135 1866 1169 centrum

166 1197 273 1239 Solis
303 1211 426 1253 quam
454 1196 623 1239 minime
651 1198 838 1249 discedit,
870 1206 912 1240 et
939 1214 964 1240 a
993 1213 1077 1255 quo
1104 1199 1216 1241 idem
1241 1198 1379 1241 adhuc
1397 1199 1534 1241 minus
1553 1198 1799 1250 discederet,
1831 1199 1866 1240 si

163 1266 289 1309 modo
312 1267 385 1310 Sol
405 1267 571 1310 densior
590 1277 697 1314 esset
716 1276 758 1311 et
775 1271 919 1329 major,
947 1278 994 1312 ut
1012 1270 1148 1312 minus
1167 1278 1414 1312 moveretur.

446 1449 826 1494 PROPOSITIO
859 1450 993 1493 XIII.
1054 1450 1414 1494 THEOREMA
1445 1451 1578 1494 XIII.

158 1560 346 1601 Planetae
378 1567 580 1602 moventur
613 1562 658 1602 in
691 1561 894 1616 ellszibus
921 1562 1143 1604 umbilicum
1176 1562 1409 1604 habentibus
1442 1564 1487 1603 in
1517 1568 1651 1604 centro
1675 1562 1792 1612 Solis,
1825 1570 1864 1604 et

215 1633 347 1674 radiis
366 1634 424 1673 ad
441 1639 615 1674 centrum
636 1634 740 1675 illud
757 1635 884 1676 ductis
902 1649 1020 1676 areas
1035 1635 1257 1677 describunt
1275 1634 1512 1688 temporibus
1523 1635 1861 1688 proportionales.

216 1772 531 1829 Disputavimus
552 1788 678 1829 supra
697 1773 749 1815 de
769 1772 834 1815 his
853 1773 1034 1816 motibus
1054 1788 1108 1815 ex
1126 1772 1423 1828 phaenomenis.
1467 1772 1563 1815 Jam
1583 1772 1758 1830 cognitis
1772 1787 1862 1814 mo-

157 1849 275 1886 tuum
293 1844 520 1900 principiis,
536 1859 590 1886 ex
608 1844 673 1886 his
687 1844 916 1902 colligimus
931 1853 1067 1886 motus
1083 1844 1268 1886 coelestes
1289 1860 1314 1886 a
1331 1843 1474 1899 priori.
1516 1845 1728 1894 Quoniam
1756 1859 1862 1899 pon-

157 1915 257 1956 dera
270 1915 531 1970 planetarum
543 1916 587 1956 in
603 1916 742 1958 Solem
759 1924 856 1957 sunt
874 1914 1087 1971 reciproce
1103 1923 1150 1957 ut
1162 1913 1363 1971 quadrata
1377 1914 1663 1956 distantiarum
1679 1931 1704 1956 a
1720 1923 1862 1956 centro

161 1985 292 2034 Solis3
334 1986 369 2027 si
403 1986 476 2028 Sol
511 1987 739 2043 quiesceret
772 1994 815 2028 et
848 1986 1026 2042 planetae
1060 1986 1209 2042 reliqui
1243 2000 1331 2027 non
1361 1994 1532 2043 agerent
1561 1986 1604 2027 in
1632 2001 1676 2027 se
1700 1985 1858 2037 mutuo,

156 2054 293 2097 forent
325 2057 446 2099 orbes
481 2072 627 2098 eorum
655 2057 836 2113 elliptici,
872 2058 1013 2100 Solem
1040 2058 1085 2098 in
1113 2058 1310 2099 umbilico
1338 2059 1547 2099 communi
1574 2058 1787 2108 habentes,
1819 2066 1861 2100 et

157 2143 265 2170 areae
293 2130 626 2172 describerentur
654 2130 909 2186 temporibus
938 2130 1270 2186 proportionales
1302 2132 1394 2186 (per
1425 2122 1551 2184 Prop.
1574 2129 1610 2170 I.
1641 2137 1682 2171 et
1712 2126 1797 2171 XI.
1818 2137 1860 2171 et

160 2199 300 2242 Corol.
326 2207 362 2243 1.
396 2202 523 2257 Prop.
547 2202 680 2243 XIII.
713 2202 808 2243 Lib.
832 2201 886 2254 Ι.)
917 2201 1098 2243 actiones
1129 2209 1266 2243 autem
1294 2201 1555 2256 planetarum
1582 2202 1627 2242 in
1651 2216 1695 2247 se
1714 2211 1858 2244 mutuo

156 2272 394 2328 perexiguae
424 2280 520 2313 sunt
550 2275 613 2327 (ut
642 2272 804 2327 possint
832 2272 1055 2323 contemni)
1089 2280 1130 2312 et
1147 2279 1284 2312 motus
1303 2272 1564 2326 planetarum
1582 2272 1627 2313 in
1647 2272 1858 2328 ellipsibus
1920 2293 1925 2295 >

158 2342 269 2383 circa
289 2342 431 2385 Solem
450 2342 647 2390 mobilem
667 2340 805 2383 minus
824 2342 1070 2397 perturbant
1089 2345 1181 2396 (per
1203 2342 1330 2397 Prop.
1352 2342 1518 2384 LXVI.
1540 2343 1636 2386 Lib.
1658 2344 1712 2396 I.)
1735 2344 1858 2401 quam

158 2413 193 2453 si
211 2421 348 2454 motus
368 2413 436 2454 isti
455 2413 565 2455 circa
587 2413 727 2456 Solem
748 2412 1024 2469 quiescentem
1044 2421 1354 2469 peragerentur.
1409 2451 1415 2459 ,

215 2483 339 2524 Actio
359 2477 526 2540 quidem
545 2484 572 2526 J
574 2483 660 2525 ovis
679 2484 724 2524 in
747 2483 972 2525 Saturnum
991 2497 1077 2524 non
1096 2491 1158 2524 est
1178 2484 1346 2525 omnino
1372 2485 1685 2528 contemnenda.
1745 2486 1857 2529 Nam

156 2554 336 2611 gravitas
364 2554 409 2595 in
431 2555 579 2597 Jovem
598 2562 660 2596 est
678 2554 733 2595 ad
752 2554 997 2612 gravitatem
1015 2554 1060 2595 in
1082 2553 1222 2596 Solem
1243 2555 1428 2610 (paribus
1448 2555 1669 2609 distantiis)
1692 2557 1742 2611 (²)
1762 2566 1810 2600 ut
1832 2564 1851 2599 1

200 2682 249 2725 (²)
267 2685 284 2703 ⁸
301 2685 380 2714 Aliis
402 2685 436 2715 in
456 2685 581 2715 casibus.
628 2684 660 2716 Si
675 2683 785 2723 nempe
800 2683 840 2715 ad
853 2683 986 2715 diversas
1027 2683 1076 2714 sui
1089 2683 1238 2715 diametro
1247 2695 1267 2715 a
1276 2690 1382 2715 centro
1391 2685 1566 2725 quiescente
1579 2687 1750 2726 systematis
1763 2687 1857 2718 totius

159 2725 238 2759 Solis
251 2732 353 2764 partes
366 2726 496 2765 planetae
511 2727 686 2764 consistant,
699 2734 839 2757 centrum
855 2728 986 2766 gmvita·
1027 2726 1157 2757 recedet.
1208 2727 1293 2763 Quia
1306 2725 1378 2758 vero
1396 2728 1474 2758 Solis
1489 2735 1519 2758 et
1533 2728 1724 2766 planetarum
1739 2730 1856 2770 ponde-

156 2768 196 2797 tis
210 2766 304 2798 modo
317 2767 422 2798 versus
433 2778 526 2798 unam
542 2775 670 2807 partem,
685 2768 780 2799 modo
792 2768 898 2799 versus
911 2769 986 2800 alte-
1027 2769 1113 2800 ribus
1128 2773 1197 2811 (per
1214 2770 1284 2800 eor.
1307 2773 1333 2800 1.
1354 2769 1447 2809 Prop.
1467 2770 1589 2810 VIII.)
1604 2771 1744 2808 inventis,
1767 2772 1855 2803 dato·

154 2819 222 2839 ram
236 2809 354 2847 incidit,
370 2810 443 2840 hinc
457 2817 596 2840 centrum
611 2812 768 2851 gravitatis
781 2811 868 2851 quasi
883 2812 986 2842 medio
1027 2821 1088 2852 que
1110 2812 1171 2842 situ
1196 2812 1336 2842 omniurn
1362 2811 1401 2842 ad
1419 2812 1561 2849 invicem,
1580 2812 1671 2844 datur
1691 2824 1857 2849 commune

155 2851 224 2882 loco
237 2852 276 2881 iis
289 2853 409 2883 casibus
422 2852 609 2894 poni‚debet‚
633 2854 735 2884 minm-
747 2854 851 2894 itaque
865 2854 901 2884 fit
914 2864 986 2885 cen-
1027 2853 1185 2895 gravitatis
1207 2860 1350 2884 centrum
1375 2855 1442 2895 (61.
1470 2855 1542 2885 Lib.
1562 2854 1609 2895 1.)
1630 2862 1714 2895 patet
1731 2867 1857 2898 quoque

155 2899 273 2924 trorum
287 2894 439 2925 distantia.
1029 2897 1102 2926 dato
1123 2896 1282 2927 communi
1303 2896 1460 2936 gravitatis
1487 2902 1593 2928 centro
1618 2898 1723 2930 haberi
1750 2900 1857 2931 locum

199 2938 250 2967 71.
271 2937 429 2972 Quoniam
447 2936 500 2968 Sol
514 2946 570 2975 pro
583 2936 702 2967 diverso
715 2937 908 2977 planetarum
922 2937 983 2968 situ
1028 2938 1108 2970 Solis
1122 2938 1162 2969 ad
1176 2945 1298 2978 tempus
1315 2938 1516 2977 propositum.

154 2976 356 3010 diversimode
380 2981 522 3020 agitatur,
552 2987 639 3009 motu
667 2980 802 3019 quodam
828 2981 984 3011 librator-io
1069 2980 1115 3023 (²)
1133 2983 1149 3001 ³*
1173 2983 1215 3013 Ut
1232 2984 1246 3011 1
1263 2983 1303 3012 ad
1320 2983 1399 3012 1067
1417 2981 1507 3023 (Cor.
1525 2985 1556 3013 2.
1573 2981 1668 3023 Prop.
1688 2984 1823 3026 VIII.)-

155 3019 239 3051 lente
259 3030 379 3061 semper
400 3022 522 3059 errabit,
546 3031 708 3063 nunquam
730 3029 834 3053 tamen
862 3021 985 3064 integri

201 3076 372 3119 v02.7111.
991 3079 1018 3110 F
