2092 3470
276 212 364 255 xxii
906 213 1352 262 INTRODIJCTIO
1763 214 1893 266 [CAr.
1915 212 1977 255 11.

330 331 399 367 24.
434 326 479 368 Si
508 325 788 392 annosphaera
812 326 849 369 C
872 327 918 368 X
941 327 976 368 F
1000 327 1041 369 Ο
1064 326 1116 368 Μ
1138 328 1177 368 Α
1200 326 1346 368 Terroe
1367 326 1407 367 A
1427 327 1472 369 D
1495 326 1547 368 M
1568 325 1826 375 circumfusa,
1849 326 1980 368 divisa

269 398 523 454 intelligatur
543 397 587 439 in
605 398 842 441 innumeras
863 398 1102 453 superficies
1125 397 1348 453 sphaericas
1367 397 1525 438 telluris
1546 396 1777 452 superficiei
1803 411 1979 445 concen-

267 470 392 511 tricas
417 469 453 511 C
473 467 520 510 X
541 468 578 510 F
601 469 655 521 O,
680 469 718 511 Β
734 470 774 512 V
790 470 828 512 E
846 470 888 513 N
908 471 978 511 aer
999 469 1106 511 inter
1124 468 1228 511 duas
1247 468 1484 525 hujusmodi
1504 467 1744 524 superficies
1762 476 1978 512 contentus

267 548 308 582 et
365 540 470 582 ae‘ris
523 542 748 597 superioris

265 611 449 667 pondere
481 627 741 668 compressus

265 683 316 726 eo
350 684 519 725 densior
554 685 632 726 erit
660 683 744 740 quo

265 753 403 797 mimis
426 771 449 796 a
468 756 627 799 telluris
648 770 745 799 cen-

263 834 332 868 tro
364 826 406 868 T
440 826 620 868 distabit.
683 827 746 868 Sit

269 897 303 939 Z
319 898 349 939 S
364 897 413 939 H
428 898 604 939 circulus
620 897 744 939 verti-

264 969 363 1010 calis
385 984 438 1011 ΘΧ
459 977 602 1011 centro
622 969 745 1011 tellu-

264 1041 319 1083 ris
343 1042 386 1084 T
406 1041 650 1097 descriptus,
679 1056 745 1082 ar-

269 1129 340 1156 cus
373 1115 403 1156 S
426 1114 474 1155 H
494 1114 670 1155 altitudo
691 1113 745 1155 si-

269 1185 379 1226 deris
411 1186 440 1227 S
475 1201 600 1241 supra
633 1185 746 1227 hori-

269 1265 433 1299 zontem
502 1257 747 1299 rationalem

270 1329 312 1371 T
334 1330 395 1379 H,
420 1338 461 1371 et
482 1331 516 1371 Z
540 1331 569 1372 S
589 1331 747 1371 distan-

262 1401 320 1442 tia
353 1401 501 1442 sideris
541 1417 566 1442 a
594 1401 746 1442 vertice

265 1472 312 1513 Z.
375 1473 420 1514 Si
463 1472 606 1513 radius
640 1472 745 1513 lucis

267 1544 298 1586 S
326 1543 371 1585 X
393 1559 416 1585 e
436 1544 571 1586 sidere
595 1544 625 1586 S
644 1558 743 1599 pro-

262 1623 437 1672 pagatus
452 1615 607 1657 incidat
620 1615 664 1658 in
677 1623 740 1657 at-

261 1687 545 1742 mosphaeram
565 1687 608 1727 in
628 1687 687 1737 X,
709 1687 745 1728 is

264 1757 514 1815 refringatur
534 1759 577 1799 in
599 1759 645 1800 X
664 1772 741 1814 per
809 1774 813 1778 ’

265 1828 312 1870 Χ
345 1829 386 1870 V
421 1830 656 1871 accedendo
686 1829 741 1871 ad

261 1902 612 1944 semidiametrum
650 1902 692 1943 T
728 1901 775 1943 X
809 1898 1043 1956 superficiei
1081 1899 1295 1955 sphaericae
1327 1899 1362 1942 C
1393 1898 1439 1940 X
1471 1898 1507 1940 F
1527 1898 1568 1941 O
1597 1897 1979 1954 perpendicularem

261 1975 354 2029 (23)
390 1983 431 2016 et
464 1975 661 2031 quoniam
696 1974 802 2016 aeris
839 1973 1020 2015 densitas
1051 1973 1095 2013 in
1124 1972 1166 2013 V
1194 1973 1326 2028 major
1353 1979 1415 2013 est
1448 1969 1573 2028 quam
1606 1971 1650 2012 in
1685 1971 1732 2012 X
1767 1970 1907 2012 radius
1934 1970 1979 2011 in

259 2053 420 2099 puncto
442 2045 494 2095 V,
518 2043 750 2100 superficiei
774 2043 811 2084 B
834 2043 873 2084 V
896 2043 934 2084 E
954 2040 1100 2084 rursus
1120 2041 1372 2099 refringatur
1392 2040 1628 2083 accedendo
1647 2040 1702 2082 ad
1723 2040 1765 2082 T
1785 2040 1839 2090 V,
1856 2038 1979 2096 atque
1999 2073 2002 2077 .

214 2148 216 2151 .
260 2113 318 2156 ita
348 2115 546 2157 continuo
574 2115 858 2157 incurvabitur
879 2122 920 2155 et
938 2114 983 2154 in
1004 2114 1159 2155 lineam
1191 2113 1237 2154 X
1268 2114 1308 2154 V
1330 2114 1369 2155 A
1391 2112 1534 2155 versus
1555 2113 1596 2155 T
1617 2127 1759 2154 cavam
1776 2112 1977 2154 flectetur.

262 2187 390 2229 Hanc
411 2203 580 2229 curvam
599 2195 743 2245 tangat
763 2187 807 2228 in
829 2187 869 2228 A
890 2195 1005 2228 recta
1024 2187 1064 2228 A
1081 2202 1113 2237 s,
1137 2187 1293 2228 circulo
1312 2186 1496 2228 verticali
1518 2186 1552 2228 Z
1574 2186 1623 2227 H
1642 2199 1863 2227 occurrens
1883 2184 1927 2225 in
1942 2199 1975 2235 s,

260 2266 302 2300 et
331 2260 527 2316 quoniam
555 2260 696 2301 radius
725 2260 828 2301 lucis
862 2260 892 2301 S
923 2259 969 2300 X
1002 2260 1042 2300 V
1065 2260 1106 2300 A
1137 2259 1306 2301 oculum
1335 2260 1575 2314 spectatoris
1603 2259 1647 2299 in
1677 2259 1718 2300 A
1747 2257 1978 2315 ingreditur

260 2331 487 2373 secundum
508 2331 779 2373 directionem
799 2330 1010 2387 tangentis
1033 2330 1074 2372 A
1096 2345 1129 2381 s,
1152 2330 1278 2380 sidus,
1301 2329 1414 2385 quod
1433 2337 1495 2370 est
1514 2328 1658 2370 revera
1679 2329 1723 2387 in
1745 2330 1788 2379 S,
1820 2327 1978 2370 videbi-

258 2410 328 2443 tur
349 2402 394 2443 in
413 2418 446 2453 s,
468 2403 512 2443 in
531 2402 625 2444 loco
645 2396 795 2457 nempe
815 2401 960 2445 altiore
975 2417 986 2451 3
1018 2409 1168 2442 notum
1190 2401 1299 2442 enim
1320 2409 1381 2442 est
1401 2416 1455 2442 ex
1474 2400 1610 2456 optica
1626 2401 1832 2456 objectum
1846 2399 1977 2444 videri

258 2472 303 2513 in
323 2472 371 2514 ea
391 2472 502 2514 recta
524 2471 749 2514 secunde
773 2487 898 2531 quam
918 2471 967 2513 fit
991 2471 1166 2513 directio
1186 2471 1397 2513 radiorum
1417 2472 1559 2514 oculos
1578 2472 1916 2529 ingredientium.

317 2548 385 2585 25.
419 2543 680 2585 Producatur
710 2543 752 2583 T
774 2543 821 2584 X
841 2542 896 2583 ad
918 2542 968 2591 L,
1001 2550 1048 2583 ut
1079 2543 1131 2584 sit
1167 2543 1196 2585 S
1219 2543 1264 2584 X
1285 2543 1324 2585 L
1354 2544 1527 2601 angulus
1555 2544 1835 2586 inclinationis
1864 2540 1975 2602 'radii

266 2615 296 2656 S
320 2614 366 2655 X
395 2615 438 2656 in
466 2614 789 2670 atmosphaeram
817 2602 1055 2666 incidentis,
1086 2623 1127 2656 et
1161 2616 1202 2656 V
1222 2615 1268 2656 X
1289 2616 1331 2657 T
1351 2617 1526 2674 angulus
1547 2613 1763 2668 refractus,
1783 2617 1879 2659 data
1897 2617 1975 2659 erit

259 2686 369 2727 ratio
390 2687 501 2730 sinus
522 2688 664 2745 anguli
686 2688 716 2730 S
738 2688 784 2729 X
800 2687 859 2743 ‘L’
892 2687 946 2728 ad
978 2687 1114 2728 sinum
1134 2688 1276 2745 anguli
1296 2689 1337 2730 V
1358 2688 1404 2730 X
1425 2688 1467 2730 T
1487 2689 1576 2744 (23)
1599 2704 1647 2731 ac
1666 2687 1841 2745 proinde
1861 2689 1974 2732 sinus

259 2757 509 2815 angulorum
539 2759 820 2805 inclinationis
851 2768 976 2802 erunt
1006 2775 1171 2818 semper
1200 2769 1248 2804 ut
1276 2761 1388 2803 sinus
1417 2762 1664 2819 angulorum
1693 2761 1972 2804 refractorum.

260 2826 404 2877 Quare
426 2828 570 2876 sideris
591 2831 635 2871 in
655 2831 811 2873 vertice
834 2831 868 2872 Z
890 2831 1118 2881 constituti,
1150 2831 1222 2872 ubi
1251 2832 1388 2873 nullus
1409 2841 1471 2874 est
1491 2834 1666 2891 angulus
1686 2831 1972 2882 inclinationis,

256 2899 372 2942 nulla
400 2901 478 2942 erit
507 2902 710 2954 retractio,
743 2911 784 2945 et
820 2903 1004 2944 siderum
1028 2904 1071 2944 in
1093 2904 1319 2960 aequalibus
1340 2921 1365 2946 a
1382 2905 1534 2947 vertice
1554 2905 1755 2948 distantiis
1785 2904 1972 2955 sitorum,

259 2971 331 3013 ubi
353 2973 531 3017 aeauales
554 2982 648 3015 sunt
670 2975 987 3018 inclinationum
1008 2975 1363 3033 anguli,aequalcs
1384 2986 1504 3019 erunt
1523 2976 1797 3019 refractiones.
1864 2975 1971 3018 Solis
