2092 3470
719 461 1072 513 INQUISITIO
1101 462 1371 504 PHYSICA

917 645 963 671 IN
990 644 1148 670 CAUSAu

416 792 735 844 FLUXUS
773 794 879 844 AC
921 792 1348 843 REFLUXUS
1384 793 1660 843 MARIS.

253 978 296 1011 A.
315 978 411 1011 DJ).
430 978 607 1016 EULER,
631 974 1115 1009 MATHEMATICARUM
1139 975 1464 1013 PROFESSORE,
1489 975 1520 1006 Ε
1544 973 1819 1006 SOCIETATE

394 1059 669 1094 ACADEMIAE
693 1058 989 1091 IMPERIALIS
1015 1057 1682 1091 SANCTI-PETERSBURGENSIS.

648 1306 713 1335 Cur
726 1314 812 1334 nunc
827 1304 933 1334 declivi
949 1305 1105 1334 nudentur
1119 1304 1222 1334 littora
1233 1309 1337 1343 ponto,

711 1361 853 1390 Advenis
867 1365 985 1390 tumeat
998 1370 1085 1390 nunc
1099 1361 1195 1390 maris
1209 1361 1307 1407 unda·
1305 1360 1402 1399 fretis
1411 1374 1424 1396 ,-

643 1420 736 1450 Dum
749 1423 843 1448 vestro
862 1418 980 1448 monitu
994 1423 1142 1448 naturam.
1156 1418 1275 1448 consulo
1290 1427 1398 1447 rerum
1410 1429 1421 1446 :

716 1474 819 1510 Quam
828 1476 939 1515 procul
952 1485 972 1504 a
993 1476 1095 1505 Terris
1108 1475 1212 1504 abdita
1229 1485 1322 1505 causa
1337 1475 1408 1504 latet
1422 1474 1438 1503 Ι

646 1534 690 1565 In
704 1535 801 1564 Solem
817 1534 1004 1573 Lunamque
1013 1534 1113 1574 serm.
1161 1535 1194 1564 Si
1203 1533 1351 1572 plauditis
1365 1543 1438 1563 auso
1450 1546 1462 1568 ς

709 1594 814 1623 Sidera
829 1593 951 1623 sublimi
964 1593 1071 1623 vertice
1084 1603 1205 1622 summa
1224 1597 1336 1631 petam.

756 1833 987 1884 CAPUT
1021 1832 1324 1883 PRIMUM.

427 1961 507 2010 De
528 1964 666 2011 causei
689 1964 868 2012 Fluz‘zis
892 1980 946 2011 ac
967 1964 1191 2026 Rffuoeds
1213 1964 1376 2012 Maris
1396 1963 1444 2010 in
1465 1978 1651 2040 genere.

187 2101 218 2151 §.
243 2104 279 2140 1.
304 2081 513 2144 OMNEM
543 2098 825 2149 mutationem,
857 2114 949 2155 quae
976 2098 1020 2140 in
1046 2098 1289 2155 corporibus
1310 2100 1458 2150 evenit,
1486 2100 1550 2141 vel
1572 2100 1626 2141 ab
1645 2097 1734 2154 ipsa
1753 2098 1890 2141 motus

188 2171 497 2212 conservatione
527 2169 746 2225 proficisci,
780 2170 843 2210 vel
873 2185 898 2210 a
917 2170 1072 2211 viribus
1101 2178 1261 2212 motum
1289 2171 1594 2227 generantibus,
1623 2170 1704 2211 hoc
1724 2170 1891 2226 quidem

187 2246 385 2297 tempore,
417 2257 500 2298 quo
530 2241 745 2298 qualitates
774 2241 946 2283 occultae
976 2251 1193 2299 causaeque
1223 2242 1475 2300 imaginariae
1503 2241 1667 2298 penitus
1696 2251 1791 2285 sunt
1818 2258 1891 2284 ex-

185 2311 328 2366 plosae,
364 2313 478 2355 nulla
508 2312 666 2370 indiget
699 2312 954 2367 probatione.
1018 2313 1118 2354 Hoc
1146 2321 1283 2354 autem
1318 2313 1540 2355 discrimen
1574 2313 1717 2370 quovis
1751 2314 1892 2355 oblato

185 2382 463 2436 phaenomeno
492 2381 802 2440 diligentissime
833 2382 1083 2424 considerari
1113 2391 1289 2439 oportet,
1319 2399 1373 2425 ne
1396 2392 1482 2426 tam
1510 2384 1646 2426 motus
1676 2399 1892 2426 conserva-

189 2454 293 2495 tioni
314 2455 516 2511 ejusmodi
536 2455 705 2497 effectus
726 2455 941 2506 tribuatur,
965 2456 1035 2512 qui
1056 2456 1143 2498 sine
1163 2457 1316 2499 viribus
1336 2445 1436 2499 oriri
1453 2458 1609 2514 nequit,
1641 2457 1764 2514 quam
1784 2457 1891 2499 vires

187 2524 495 2583 investigentur,
527 2540 620 2582 quae
648 2534 806 2567 motum
837 2525 909 2567 sua
943 2526 1090 2568 natura
1127 2527 1454 2569 conservandum
1486 2528 1731 2584 producant.
1793 2528 1893 2578 Quo

187 2595 355 2650 quidem
374 2597 418 2637 in
437 2597 616 2654 negotio,
639 2597 673 2638 si
694 2596 833 2638 debita
852 2597 1025 2639 attentio
1044 2598 1302 2650 adhibeatur,
1329 2600 1459 2641 errori
1478 2600 1549 2641 vix
1568 2600 1676 2641 ullus
1696 2599 1893 2656 relinqui-

187 2674 257 2708 tur
287 2667 425 2710 locus:
468 2656 561 2710 cum
593 2683 646 2710 ex
679 2668 839 2726 legibus
878 2677 1039 2710 naturae
1080 2670 1176 2712 satis
1211 2685 1417 2727 superque
1452 2679 1622 2721 constet,
1663 2671 1895 2726 cujusmodi

188 2750 325 2784 motus
356 2742 422 2783 vel
451 2757 526 2797 per
555 2758 598 2784 se
628 2738 933 2792 conserventur,
966 2743 1031 2785 vel
1050 2744 1204 2785 viribus
1225 2745 1406 2786 externis
1427 2745 1667 2786 debeantur.
1729 2744 1894 2800 Corpus

190 2813 345 2857 scilicet
371 2813 413 2854 in
437 2821 552 2854 motu
580 2815 761 2868 positum
789 2813 959 2869 propria
979 2815 1021 2855 vi
1039 2815 1152 2856 hunc
1171 2823 1330 2856 motum
1350 2815 1608 2857 uniformiter
1628 2815 1671 2856 in
1691 2815 1895 2858 directum

190 2886 362 2927 retinet:
394 2892 518 2940 atque
537 2899 700 2940 corpus,
723 2885 836 2941 quod
856 2885 966 2927 circa
985 2900 1104 2927 axem
1125 2886 1437 2928 convenientem
1456 2901 1532 2941 per
1551 2893 1740 2928 centrum
1757 2887 1896 2944 gravi-

189 2957 283 2998 tatis
311 2945 592 2998 transeuntem
620 2965 777 2999 motum
807 2958 1053 2999 rotatorium
1073 2958 1200 3000 semel
1220 2966 1282 3000 est
1300 2966 1580 3009 consecutum,
1596 2959 1758 3001 'eodem
1777 2967 1895 3001 motu

190 3028 317 3069 rotari
345 3026 548 3083 perpetuo
569 3025 640 3067 sua
672 3035 818 3082 sponte
845 3037 1016 3085 perget:
1047 3044 1181 3085 neque
1200 3028 1438 3083 hujusmodi
1457 3037 1645 3071 motuum
1664 3045 1831 3071 causam
1850 3030 1894 3070 in
1919 3026 1923 3029 ’

190 3097 276 3139 ulla
306 3112 352 3139 re
381 3097 473 3147 alifi,
505 3097 584 3138 nisi
614 3097 657 3137 in
687 3096 776 3151 ipsa
806 3113 1027 3154 corporum
1056 3099 1216 3150 natura,
1238 3100 1368 3155 quaeri
1396 3108 1570 3154 oportet.
1631 3101 1840 3150 Quocirca
1859 3101 1896 3142 si
