2092 3470
244 227 272 263 4
617 216 1068 261 PHILOSOPHIAE
1099 200 1460 259 'NATURALIS
1543 217 1639 267 [DE
1661 216 1791 258 Mun.
1816 205 1938 260 sm.

241 341 379 392 partes
414 333 556 374 divisoe
590 331 836 388 separabiles
870 338 1017 382 essent,
1055 331 1128 372 sed
1147 332 1269 372 etiam
1298 331 1411 387 quod
1445 329 1629 372 indivisae
1657 331 1702 372 in
1731 331 1939 373 infinitum

241 406 371 448 dividi
389 411 577 460 possent.

298 476 494 532 Denique
525 475 560 516 si
595 488 769 530 corpora
803 474 942 515 omnia
975 474 1019 514 in
1052 474 1225 516 circuitu
1257 481 1378 514 terroe
1413 474 1556 531 gravia
1583 488 1670 516 esse
1697 474 1742 515 in
1771 482 1937 525 terram,

240 549 367 604 idque
385 561 464 602 pro
483 546 710 602 quantitate
729 545 912 586 materiae
932 545 975 585 in
996 543 1180 600 singuliS,
1209 551 1251 585 et
1268 544 1409 585 lunam
1427 559 1595 601 gravem
1615 560 1703 587 esse
1724 546 1769 586 in
1787 553 1940 587 terram

240 634 320 675 pro
354 618 580 675 quantitate
609 618 795 658 materiae
830 631 928 667 suae,
964 623 1005 656 et
1024 615 1202 656 vicissim
1235 629 1349 662 mare
1382 625 1572 658 nostrum
1606 632 1731 674 grave
1769 632 1869 677 essex
1895 617 1941 658 in

240 691 394 743 lunam,
416 699 457 733 et
474 692 661 747 planetas
683 705 825 731 omnes
843 702 990 744 graves
1012 703 1099 729 esse
1119 688 1163 729 in
1183 702 1228 729 se
1246 695 1405 738 mutuo,
1434 696 1475 730 et
1494 696 1747 730 cometarum
1766 688 1941 730 similem

241 779 330 806 esse
348 765 590 822 gravitatem
609 763 654 804 in
676 762 826 811 Solem,
856 774 932 815 per
952 760 1235 815 experimenta
1255 768 1296 801 et
1315 760 1622 802 observationes
1644 761 1941 802 astronomicas

240 838 524 879 universaliter
543 842 724 878 constet:
756 832 978 874 dicendum
998 834 1076 874 erit
1095 847 1171 887 per
1190 832 1298 874 hanc
1318 831 1506 889 regulam
1525 832 1638 888 quod
1657 847 1833 887 corpora
1852 847 1943 874 om-

239 908 309 949 nia
337 909 380 949 in
411 923 454 949 se
481 913 626 947 mutuo
655 904 872 961 gravitant.
934 903 1044 944 Nam
1064 910 1105 944 et
1123 903 1269 945 fortius
1290 903 1369 944 erit
1386 911 1677 960 argumentum
1697 919 1751 945 ex
1769 904 1942 959 phaeno-

240 979 371 1020 menis
400 977 452 1018 de
481 976 683 1033 gravitate
712 973 945 1024 universali,
977 972 1100 1030 quam
1121 974 1173 1015 de
1198 989 1420 1029 corporum
1449 975 1858 1030 impenetrabilitate:
1890 975 1944 1018 de

241 1049 321 1106 qufi
360 1048 502 1104 utique
550 1047 595 1087 in
642 1045 887 1100 corporibus
928 1044 1162 1087 coelestibus
1200 1045 1363 1086 nullum
1402 1046 1746 1100 experimentum,
1788 1047 1945 1088 nullam

241 1133 410 1175 prorsus
431 1116 758 1158 observationem
776 1115 991 1157 habemus.
1052 1116 1251 1157 Attamen
1270 1117 1516 1172 gravitatem
1536 1118 1777 1172 corporibus
1807 1133 1945 1160 essen-

921 1187 1004 1229 Per
1022 1187 1107 1228 vim
1126 1188 1292 1230 insitam
1310 1189 1496 1246 intelligo
1517 1189 1645 1230 solam
1664 1190 1748 1230 vim
1770 1190 1942 1232 inertiae.

796 1259 846 1314 (ἃ)
871 1259 1068 1301 Gravitas
1087 1260 1321 1302 recedendo
1341 1276 1365 1302 a
1384 1260 1508 1311 terrfi,
1530 1261 1783 1303 diminuitur.

241 1192 380 1233 tialem
400 1205 487 1232 esse
506 1188 674 1229 minime
695 1188 868 1229 affirmo.

244 1262 355 1304 Haec
374 1261 639 1304 immutabilis
659 1267 732 1302 est.

916 1390 1174 1433 REGULA
1206 1391 1282 1432 IV.

242 1508 295 1548 In
316 1505 574 1561 philosophici
594 1506 907 1560 experimentali,
931 1506 1226 1560 propositiones
1246 1520 1294 1546 ex
1306 1505 1576 1558 phaenomenis
1586 1519 1666 1559 per
1685 1506 1946 1552 inductionem

300 1580 482 1628 collectae,
515 1592 594 1618 non
624 1578 868 1618 obstantibus
895 1578 1112 1618 contrariis
1141 1577 1424 1630 hypothesibus,
1445 1590 1526 1629 pro
1555 1577 1657 1618 veris
1675 1583 1746 1618 aut
1765 1576 1950 1633 accurate

301 1654 373 1688 aut
407 1645 702 1702 quamproxime*
721 1647 862 1688 haberi
881 1648 1032 1697 debent,
1070 1649 1190 1688 donec
1209 1648 1295 1687 alia
1315 1649 1556 1688 occurrerint
1567 1649 1840 1701 phaenomena,
1868 1664 1948 1704 per

302 1733 389 1774 quae
408 1726 480 1760 aut
499 1720 764 1760 accuratiores
782 1719 1005 1759 reddantur
1024 1725 1096 1759 aut
1115 1718 1404 1772 exceptionibus
1423 1718 1612 1759 obnoxiae.

303 1830 352 1885 (Ε)
377 1829 477 1872 Hoc
497 1829 589 1871 fieri
608 1829 732 1871 debet
750 1844 804 1871 ne
824 1836 1114 1886 argumentum
1138 1828 1386 1871 inductionis
1406 1829 1573 1872 tollatur
1590 1844 1666 1885 per
1683 1829 1946 1886 hypotheses.

293 1940 336 1982 (⁶)
354 1943 372 1961 ὓ
397 1942 535 1972 Gravitas
556 1943 717 1972 recedendo
738 1953 758 1972 a
779 1939 861 1972 terra
883 1941 1079 1978 diminuitur,

250 1988 288 2013 ut
301 1981 383 2018 infra
398 1984 668 2014 demonstrabitur.

295 2025 324 2066 (²
330 2025 342 2063 )
368 2027 385 2045 ¹⁵
422 2027 491 2056 Hoc
509 2027 586 2074 fieri
612 2027 702 2056 debet.
766 2025 860 2055 Hanc
882 2024 1024 2066 regulam
1048 2024 1082 2054 in

243 2058 475 2107 *quaestionibus
489 2067 597 2106 opticis
604 2068 663 2097 hoc
674 2066 739 2098 fere
747 2067 840 2097 modo
850 2067 976 2106 exponit
990 2067 1082 2096 New-

253 2116 355 2139 tonus.
392 2109 433 2141 In
447 2109 581 2149 physicis
595 2119 659 2140 non
673 2120 760 2139 secus
772 2110 851 2140 acin
863 2109 1084 2139 mathematicis

254 2150 397 2187 scientiis,
421 2153 461 2182 ad
482 2162 531 2181 res
551 2151 692 2182 difficiles
711 2151 909 2191 inquirendas
922 2151 1086 2181 methodus

254 2193 407 2232 analytica
431 2192 515 2232 prius
537 2200 583 2224 est
597 2194 774 2233 usurpanda
798 2192 891 2238 quam
918 2193 1086 2232 syntheticn

255 2235 421 2265 methodus
444 2226 661 2266 insauxilium
690 2242 823 2266 vocetur.
868 2229 959 2266 Haec
986 2235 1086 2274 prima

256 2277 444 2307 methodus'
435 2287 469 2307 in
483 2287 520 2308 eo
534 2278 631 2316 posita
646 2285 692 2308 est
705 2285 742 2308 ut
755 2278 957 2308 adhibeantur
968 2278 1086 2316 experi-

257 2326 362 2349 menta
383 2318 476 2360 atque
489 2320 714 2350 observationes
729 2330 764 2351 ex
778 2320 891 2361 quibus
906 2319 1018 2350 deinde
1032 2329 1087 2359 per

257 2361 469 2392 inductionem
481 2362 696 2392 conclusiones
710 2363 868 2402 generales
884 2362 1084 2399 deducantur,

259 2413 322 2433 non
338 2403 528 2434 obstantibus
540 2405 698 2435 contrariis
712 2405 940 2444 hypothesibus,
964 2404 1023 2434 nisi
1037 2414 1088 2434 eas

259 2446 363 2485 aliquo
371 2445 581 2485 experimento
595 2453 649 2477 aut
659 2446 742 2477 certa
753 2446 857 2486 aliqua
868 2446 992 2476 veritate
1001 2445 1087 2476 nixas

259 2497 324 2517 esse
346 2488 517 2528 contigerit.
569 2489 651 2519 Nam
665 2488 750 2528 quod
764 2489 946 2528 hypotheses
960 2494 1085 2527 spectat,

261 2539 305 2559 eae
327 2530 359 2559 in
382 2529 575 2568 philosophia
604 2530 834 2569 experimentali
853 2530 956 2560 locum
975 2531 1087 2559 habere

262 2581 323 2600 non
354 2571 476 2603 debent.
540 2573 692 2607 Quamvis
720 2572 879 2602 ratiocinia
904 2573 942 2602 ab
967 2572 1085 2610 experi-

262 2613 374 2644 mentIs
395 2621 428 2645 et
448 2615 710 2646 observationibus
729 2621 787 2652 per
804 2613 1014 2645 inductionem
1033 2613 1086 2644 de-

1123 1939 1216 1970 ducta
1237 1939 1276 1969 ad
1298 1939 1494 1970 stabiliendas
1515 1939 1609 1970 modo
1623 1939 1860 1971 demonstrativo
1873 1950 1948 1972 cou-

1123 1983 1276 2012 clusiones
1303 1982 1461 2022 generales
1489 1982 1560 2012 satis
1584 1992 1648 2012 non
1671 1982 1742 2019 sint,
1768 1983 1819 2013 hic
1843 1989 1949 2014 tamen

1124 2024 1325 2054 ratiocinandi
1353 2024 1465 2054 modus
1492 2030 1538 2054 est
1572 2024 1712 2054 omnium
1739 2034 1818 2065 quos
1843 2035 1947 2056 rerum

1125 2065 1237 2097 natura
1255 2066 1415 2097 admittere
1429 2066 1524 2105 possit
1537 2066 1681 2105 optimus,
1704 2066 1790 2107 isque
1802 2065 1841 2098 eo
1853 2067 1950 2099 tutior

1125 2108 1259 2147 reputari
1281 2108 1371 2139 debet
1395 2107 1458 2149 quo
1479 2108 1649 2149 generalior
1669 2114 1715 2139 est
1734 2109 1892 2147 indue-tim
1921 2109 1950 2140 si

1127 2157 1231 2181 autem
1254 2151 1341 2181 nulla
1362 2151 1599 2191 repugnaverint
1620 2151 1830 2190 phaenomena,
1853 2161 1949 2191 gene-

1128 2193 1223 2223 ralem
1238 2194 1467 2224 conclusionem
1482 2193 1632 2223 deducere
1646 2192 1758 2223 licebit.
1806 2193 1862 2224 Sin
1877 2193 1950 2225 vero

1128 2235 1270 2275 deinceps
1285 2236 1434 2267 contraria
1445 2240 1605 2265 occurrant
1615 2235 1825 2287 phaenomena,
1838 2246 1950 2285 excep-

1128 2278 1264 2308 tionibus
1286 2278 1460 2308 necessariis
1480 2276 1639 2307 limitanda
1652 2277 1710 2307 erit
1722 2276 1814 2317 atque
1827 2278 1950 2308 restuin-

1128 2320 1231 2360 genda
1253 2319 1417 2350 conclusio.
1477 2318 1585 2359 Hujus
1609 2318 1766 2358 analyseos
1790 2320 1907 2350 auxilio
1930 2331 1950 2352 a

1129 2362 1301 2401 compositis
1321 2361 1361 2392 ad
1382 2360 1540 2399 simplicia,
1556 2371 1574 2391 a
1587 2361 1720 2392 motibus
1734 2362 1773 2394 ad
1787 2362 1865 2392 vires
1878 2372 1950 2402 pro-

1129 2404 1284 2438 ducentes,
1311 2409 1342 2434 et
1361 2403 1529 2444 generatim
1550 2404 1589 2434 ab
1610 2403 1767 2434 effectibus
1786 2403 1826 2434 ad
1842 2407 1960 2436 eorum*

1129 2456 1235 2476 causas
1259 2446 1409 2484 perveniri
1433 2451 1541 2485 potest.
1601 2444 1695 2481 Quod
1719 2445 1759 2476 ad
1783 2446 1951 2486 synthesim

1129 2487 1268 2527 pertinet,
1298 2488 1364 2518 haec
1392 2497 1498 2517 causas
1525 2488 1663 2527 cognitas
1690 2487 1781 2528 atque
1812 2490 1952 2528 probatas

1131 2536 1278 2570 tanquam
1300 2530 1448 2568 principia
1468 2529 1594 2559 assumit
1608 2540 1738 2570 quorum
1753 2540 1812 2570 ope
1825 2532 1950 2572 piiaeno-

1132 2582 1223 2603 mena
1237 2571 1309 2602 inde
1325 2578 1398 2603 nota
1410 2571 1611 2612 explicantur.
