2092 3470
242 238 294 275 38
639 230 1091 276 PHILOSOPHIAE
1122 230 1483 275 NATURALIS
1527 231 1623 284 [DE
1640 230 1800 273 Mum).
1819 230 1942 273 svam.

301 348 431 389 Corol.
470 353 510 388 3.
561 347 833 390 Innoteseunt
871 343 995 389 etiam
1025 343 1247 389 densitates
1281 347 1551 401 planetarum.
1613 343 1723 388 Nam
1756 343 1942 400 pondera

241 433 460 473 corporum
489 419 709 475 aequalium
737 427 779 460 et
807 418 1161 475 homogeneorurn
1190 419 1234 458 in
1264 418 1446 472 sphaeras
1476 418 1754 474 homogeneas
1775 424 1871 457 sunt
1896 416 1941 459 in

239 488 533 543 superficiebus
567 489 825 545 sphaerarum
857 497 903 530 ut
930 489 1188 543 sphaerarum
1227 489 1428 540 diametri,
1469 504 1544 544 per
1579 490 1703 545 Prop.
1740 489 1938 531 LXXII.

237 559 333 600 Lib.
357 559 391 600 Ι.
422 558 599 616 ideoque
629 560 887 615 sphaerarum
916 559 1286 615 heterogenearum
1315 559 1536 601 densitates
1568 559 1610 614 (¹)
1634 569 1728 601 sunt
1755 568 1800 601 ut
1833 574 1939 614 pon-

237 629 341 671 dera
369 630 440 671 illa
468 631 672 687 applicata
701 631 755 672 ad
784 630 1041 685 sphaerarum
1070 629 1303 671 diametros.
1366 631 1500 672 Erant
1528 638 1665 672 autem
1684 646 1793 672 verae
1816 630 1936 681 Solis,

234 700 362 752 Jovis,
387 702 554 744 Saturni
573 717 622 743 ac
643 702 684 743 Τ
685 717 788 743 errae
813 701 1002 743 diametri
1022 701 1075 742 ad
1095 701 1271 742 invicem
1292 708 1339 742 ut
1362 707 1513 751 10000,
1538 706 1634 751 997,
1659 706 1735 745 791
1770 709 1812 742 et
1841 707 1935 751 109,

233 780 275 815 et
293 774 480 828 pondera
499 775 543 814 in
570 773 737 815 eosdem
757 781 804 814 ut
828 779 978 824 10000,
1009 779 1105 823 943,
1130 777 1211 814 529
1233 779 1274 813 et
1294 778 1376 814 435
1397 770 1637 827 respective,
1660 779 1701 813 et
1720 780 1938 827 propterea

232 845 454 886 densitates
476 853 572 886 sunt
591 853 637 885 ut
661 851 753 894 100,
778 847 874 897 9403,
898 848 951 888 67
972 851 1014 886 et
1034 850 1130 886 400.
1192 844 1254 899 (¹¹¹)
1287 844 1483 885 Densitas
1505 843 1650 884 Terrae
1677 838 1770 899 quae
1798 843 1939 898 prodit

234 931 289 958 ex
306 915 387 957 hoc
408 923 604 970 computo
624 912 710 955 non¹
728 914 884 969 pendet
903 930 928 955 a
946 914 1147 969 parallaxi
1166 914 1286 964 Solis,
1304 913 1375 955 sed
1393 914 1689 955 determinatur
1707 928 1783 968 per
1801 914 1938 968 paral-

230 987 344 1028 laxin
376 986 523 1036 Lunae,
555 994 596 1027 et
624 994 844 1041 propterea
862 986 932 1027 hic
951 985 1062 1028 recte
1083 986 1291 1028 definitur.

1353 987 1430 1028 Est
1448 987 1575 1044 igitur
1598 986 1671 1029 Sol
1690 986 1814 1041 paulo
1835 987 1936 1028 den-

231 1060 315 1100 sior
335 1056 459 1114 quam
478 1059 655 1113 Jupiter,
678 1067 719 1100 et
733 1059 897 1114 Jupiter
917 1058 1041 1115 quam
1064 1060 1278 1110 Saturnus,
1302 1068 1343 1101 et
1364 1061 1498 1101 Terra
1517 1059 1749 1117 quadruplo
1769 1060 1936 1101 densior

230 1129 355 1187 quam
388 1129 474 1171 Sol.

534 1129 645 1170 Nam
675 1144 751 1184 per
779 1130 990 1186 ingentem
1018 1146 1139 1172 suum
1159 1131 1339 1172 calorem
1362 1132 1434 1174 Sol
1454 1131 1634 1173 rarescit.

1694 1131 1818 1172 Luna
1836 1130 1934 1172 vero

229 1200 397 1242 densior
418 1208 478 1240 est
499 1198 622 1255 quam
644 1199 790 1249 Terra,
813 1208 860 1240 ut
879 1200 923 1240 in
944 1201 1208 1256 sequentibus
1228 1202 1396 1257 patebit.

289 1273 419 1313 Corol.
442 1276 481 1311 4.
513 1269 741 1312 Densiores
762 1269 889 1326 igitur
909 1279 1005 1312 sunt
1022 1272 1200 1325 planetae
1222 1273 1292 1328 qui
1313 1280 1409 1314 sunt
1427 1272 1621 1323 minores,
1645 1272 1803 1314 caeteris
1821 1271 1933 1327 pari-

225 1344 316 1385 bus.

224 1414 356 1470 magis
387 1413 555 1455 accedit.

226 1486 585 1541 Soli.p1·opiores;
617 1494 664 1528 ut
692 1487 858 1542 Jupiter
889 1487 1083 1538 Saturno,
1115 1495 1157 1529 et
1186 1487 1321 1529 Terra
1349 1488 1467 1530 Jove.

222 1669 326 1701 Lunae
336 1678 366 1708 q,
382 1667 480 1709 liquet
489 1667 574 1708 quod
585 1668 611 1698 si
621 1667 754 1699 varietur
764 1668 849 1699 sinus
863 1668 1053 1708 parallaxeos

223 1711 303 1743 Solis
324 1722 345 1750 p
365 1716 395 1740 et
412 1721 448 1741 ex
464 1711 551 1740 novis
565 1711 834 1748 observationibus,
855 1710 932 1751 puta
946 1721 984 1741 ex
999 1713 1053 1742 ob-

219 1754 389 1785 servatione
408 1752 553 1784 transitus
569 1753 699 1784 Veneris
713 1763 805 1792 super
819 1753 939 1784 discum
963 1754 1051 1792 Solis,

219 1796 281 1827 alia
301 1796 464 1835 parallaxis
483 1795 574 1835 cujus
591 1797 678 1826 sinus
695 1795 735 1825 sit
753 1807 777 1826 vr
796 1795 1050 1835 deprehendatur,

219 1849 257 1870 eo
277 1848 351 1869 casu
373 1838 546 1868 invenietur
559 1840 714 1878 quantitas
729 1839 864 1868 materiae
879 1838 911 1868 in
928 1839 1000 1869 Sole
1014 1839 1053 1870 ad

886 1892 904 1911 a
914 1882 928 1903 3
946 1883 992 1911 ⁴13

887 1934 992 1975 bsqa

216 1982 259 2007 tt

214 2017 280 2058 -ῐῑ,
293 2001 397 2043 itaque
407 2002 561 2043 quantitas
566 2003 701 2034 materiae
711 2004 814 2034 Terrae
826 2002 859 2032 iu
867 2003 1051 2042 praecedenti

218 1905 422 1950 quantitatem
436 1907 572 1938 materiae
585 1907 619 1937 in
637 1907 733 1939 Terra
746 1913 783 1938 ut
801 1911 814 1937 l
832 1907 872 1938 ad

215 2070 378 2110 hypothesi
394 2071 581 2110 parallaxeos
590 2081 612 2110 p
623 2078 750 2111 reperta,
768 2071 825 2102 erit
838 2071 879 2102 ad
894 2082 962 2102 eam
977 2082 1047 2112 quae

215 2118 293 2143 tunc
313 2113 487 2144 invenietur
507 2119 544 2144 ut
561 2125 583 2154 p
597 2116 611 2137 ³
631 2114 671 2144 ad
686 2126 710 2145 ‘t
720 2115 734 2135 3
748 2115 810 2145 sive
827 2116 881 2156 (ob
895 2114 1046 2155 exiguita-

216 2155 483 2229 ffleggigulorum
496 2156 776 2198 parallacticorum)
796 2163 834 2188 ut
854 2157 926 2188 cubi
947 2156 1046 2197 paral-

261 2271 302 2312 (¹)
330 2274 348 2292 '⁴‘
378 2274 457 2304 Sunt
477 2279 512 2304 ut
532 2275 667 2313 pondera
691 2275 754 2305 illa.
802 2273 887 2303 Nam
908 2273 1045 2313 pondera

216 2322 380 2352 corporum
393 2315 560 2355 aequalium
575 2322 605 2346 et
620 2317 883 2357 homogeneorum
897 2316 930 2346 in
945 2317 1044 2355 sphae-

217 2364 266 2385 ras
282 2357 488 2397 homogeneas
505 2364 536 2388 et
555 2358 721 2399 inaequales
735 2364 808 2388 sunt
821 2358 855 2388 in
870 2358 1044 2397 superficie-

217 2399 276 2428 bus
300 2399 486 2438 sphaerarum
510 2406 546 2430 ut
574 2402 762 2440 sphaerarum
790 2401 931 2431 diametri
961 2401 1045 2442 (loco

217 2440 297 2481 cit.),
321 2446 352 2471 et
371 2442 507 2480 pondera
528 2453 691 2482 corporum
710 2443 877 2484 aequalium
892 2450 923 2473 et
936 2444 1045 2473 homo-

216 2492 387 2522 geneorum
401 2484 432 2514 in
447 2486 579 2524 sphaeras
593 2487 810 2527 heterogeneas
823 2491 855 2515 et
865 2485 998 2525 aequales
1011 2485 1046 2515 in

216 2525 434 2564 superficiebus
448 2528 635 2565 sphaerarum
649 2535 722 2559 sunt
735 2534 772 2559 ut
781 2528 965 2568 quantitates
979 2538 1044 2558 ma-

216 2568 302 2598 teriae
322 2569 356 2598 in
377 2569 509 2607 sphaeris,
534 2571 591 2600 hoc
605 2576 660 2607 est,
679 2577 716 2601 ut
734 2570 898 2600 densitates
912 2571 1044 2608 sphaera-

216 2619 288 2639 rum
319 2612 363 2650 (2.
399 2611 470 2641 Lib.
504 2612 558 2651 1.).
608 2612 703 2643 Unde
725 2613 860 2651 pondera
881 2622 1044 2651 corporum

217 2653 384 2692 aequalium
405 2659 436 2684 et
457 2655 716 2694 homogeneorum
730 2655 762 2684 in
778 2656 910 2693 sphaeras
924 2655 1043 2685 hetero-

217 2703 330 2734 geneas
346 2702 377 2726 et
396 2696 560 2736 inaequales
574 2697 607 2726 in
622 2697 842 2737 superficiebus
856 2698 1043 2735 sphaerarum

217 2742 290 2766 sunt
308 2737 342 2767 in
360 2738 478 2769 ratione
492 2739 658 2778 composita
672 2749 709 2770 ex
723 2740 841 2770 ratione
856 2739 1041 2770 densitatum

217 2784 248 2808 et
262 2778 480 2811 diametrorum
495 2782 692 2821 sphaerarum,
707 2788 927 2822 consequenter
941 2781 1041 2812 densi-

216 2825 295 2850 tates
322 2823 508 2860 sphaerarum
537 2830 609 2855 sunt
632 2824 767 2864 pondera
792 2825 847 2855 illa
868 2823 983 2855 directe
1012 2831 1044 2855 et

216 2863 405 2902 sphaerarum
419 2865 558 2896 diametri
572 2866 697 2898 inverse.

260 2947 315 2988 (ω)
340 2949 357 2967 *
377 2950 520 2980 Densitas
540 2954 641 2983 Terrae
655 2963 724 2993 quae
733 2953 831 2992 prodit
847 2962 881 2982 er
894 2953 947 2982 lwc
962 2962 1041 2982 com-

214 2996 288 3030 puto
303 3001 366 3020 non.
385 2994 492 3030 pendet
509 3004 527 3022 α
546 2996 696 3032 par-alluxi
710 2996 793 3031 Solis,
808 2995 864 3024 &c.
912 2996 928 3012 ⁶
951 2994 1042 3024 Ratio

218 3031 391 3070 ponderum
411 3033 444 3063 in
465 3034 537 3074 ipsis
558 3037 774 3075 superficiebus
796 3036 875 3068 Solis
891 3042 922 3067 et
938 3036 1042 3067 Terrae

377 1344 428 1399 (¹¹)
463 1344 532 1386 Sic
560 1343 670 1384 enim
699 1343 759 1384 vis
788 1344 999 1400 gravitatis
1028 1344 1073 1384 in
1103 1359 1248 1386 eorum
1269 1346 1563 1400 superficiebus
1584 1345 1637 1386 ad
1657 1345 1932 1401 aequalitatem

618 1413 702 1455 Sed
732 1421 774 1454 et
803 1413 1013 1455 densiores
1034 1422 1131 1456 sunt
1148 1415 1339 1470 planetae,
1362 1410 1722 1470 caeteris'paribus,
1745 1416 1816 1471 qui
1836 1422 1932 1456 sunt

1527 1488 1579 1530 In
1599 1488 1769 1530 diversis
1789 1489 1930 1545 utique

1095 1696 1322 1734 exprimebatur
1335 1695 1473 1726 numeris
1490 1698 1505 1726 1
1522 1695 1562 1726 ad
1577 1670 1704 1752 a-b—zgss
1721 1699 1755 1733 ><
1766 1673 1808 1752 ἓ
1817 1695 1928 1738 (deno-

1094 1763 1316 1795 minationibus
1330 1762 1438 1794 iisdem
1454 1763 1596 1795 adhibitis
1610 1732 1680 1804 quge
1694 1765 1727 1793 in
1741 1763 1822 1794 notis
1838 1764 1883 1807 (⁸)
1895 1769 1928 1794 et

1097 1806 1138 1848 (ἱ)
1163 1807 1366 1847 assignantur.
1415 1806 1594 1837 Densitaoes
1618 1805 1690 1836 vero
1713 1812 1787 1836 sunt
1808 1813 1845 1838 ut
1872 1805 1928 1837 illa

1095 1849 1232 1889 pondera
1253 1848 1403 1888 applicata
1423 1849 1464 1880 ad
1485 1849 1674 1888 sphaerarum
1694 1847 1858 1879 diametros
1877 1848 1926 1879 vei

1096 1891 1371 1928 semi-diametron
1400 1891 1639 1922 semi—diameter
1663 1900 1734 1921 vera
1758 1891 1839 1921 'Solis
1861 1896 1927 1922 erat

1090 1934 1156 2025 ἒξ,
1173 1966 1204 1990 et
1218 1959 1457 1990 semi-diameter
1474 1969 1545 1990 vera
1566 1952 1671 1993 Terrae
1684 1964 1749 1990 erat
1767 1958 1808 1997 d;
1830 1969 1926 2000 quare

1090 2054 1256 2086 densitates
1273 2054 1352 2086 solis
1366 2060 1397 2085 et
1412 2054 1516 2085 Terrae
1530 2060 1618 2086 erant
1631 2059 1668 2085 ut
1682 2031 1738 2112 s—ld
1749 2053 1789 2084 ad
1802 2029 1925 2121 ῖίξξὲ

1431 2179 1526 2209 a³s³
1590 2185 1632 2210 tt
1667 2202 1677 2210 .
1713 2142 1736 2172 p
1767 2198 1780 2210 A
1895 2200 1904 2207 .

1423 2233 1513 2272 b³q²
1538 2209 1572 2243 ><
1588 2222 1644 2260 ῃ,
1666 2213 1700 2234 ιιι
1720 2211 1784 2243 qua
1797 2205 1921 2241 quanti-

1090 2184 1405 2262 xz—jsiveutlad

1087 2279 1150 2304 tate
1164 2274 1327 2314 parallaxis
1343 2273 1432 2311 Solis,
1444 2284 1514 2314 quae
1528 2272 1622 2303 dubia
1636 2276 1691 2308 est,
1707 2280 1771 2301 non
1785 2269 1920 2308 amplius

1086 2316 1256 2351 adhibetur,
1273 2316 1327 2347 sed
1341 2322 1462 2347 tantum
1476 2315 1660 2356 quantitates
1671 2313 1710 2344 de
1722 2313 1835 2353 quibus
1845 2321 1919 2342 con-

1087 2365 1146 2390 stat
1166 2360 1250 2399 apud
1270 2365 1468 2393 astronomos.
1491 2356 1655 2396 parallaxis
1673 2365 1786 2401 nempe
1801 2355 1917 2403 Lame,

1087 2401 1326 2432 semi-diameter
1352 2410 1501 2439 apparens
1528 2398 1690 2431 mediocris
1720 2397 1810 2434 Solis,
1839 2402 1918 2427 ratio

1086 2443 1301 2474 distantiarum
1324 2443 1428 2473 Terrae
1443 2448 1474 2473 et
1490 2441 1620 2473 Veneris
1641 2452 1660 2471 a
1683 2440 1764 2477 Sole,
1787 2447 1819 2470 et
1838 2438 1917 2469 ratio

1086 2491 1260 2525 temporum
1275 2485 1500 2524 periodicorum
1513 2484 1643 2515 Veneris
1653 2489 1684 2514 et
1696 2482 1809 2520 Lunae,
1821 2489 1916 2523 quare

1086 2538 1123 2559 ea
1136 2531 1266 2559 densitas
1286 2529 1387 2559 Terrae
1401 2529 1448 2558 hic
1463 2526 1539 2558 rect&
1553 2528 1705 2570 deffinitur.

1130 2571 1176 2612 (¹¹)
1196 2573 1212 2590 ⁸³
1230 2572 1278 2602 Sic
1291 2572 1373 2601 enim
1387 2572 1430 2601 vis
1440 2572 1606 2610 gravitatis.
1641 2567 1800 2604 Quoniam
1813 2567 1914 2607 sphe-

1086 2623 1192 2643 rarum
1212 2613 1485 2653 heterogenearum
1507 2612 1671 2642 densitates
1689 2616 1763 2641 sunt
1781 2616 1818 2641 ut
1835 2618 1914 2650 pon-

1085 2655 1158 2685 dera
1177 2655 1210 2685 in
1232 2665 1338 2686 earum
1360 2654 1578 2693 superficiebus
1592 2653 1631 2684 ad
1646 2653 1832 2696 sphaemrum
1846 2650 1913 2682 dia-

1085 2703 1199 2728 metros
1217 2697 1376 2736 applicata,
1399 2695 1530 2736 ideoque
1548 2695 1683 2736 pondera
1701 2701 1738 2726 ut
1751 2694 1914 2725 densitates

1085 2747 1116 2770 et
1129 2741 1316 2779 sphaerarum
1331 2740 1472 2769 diametri
1486 2739 1688 2780 conjunctim,
1712 2738 1738 2768 si
1758 2736 1913 2768 densiores

1084 2783 1146 2813 sint
1166 2782 1297 2821 planetae
1317 2782 1370 2822 qui
1392 2788 1465 2812 sunt
1483 2782 1626 2816 minores,
1649 2780 1752 2810 minor
1765 2778 1914 2809 diameter

1085 2826 1118 2854 in
1140 2825 1231 2855 variis
1251 2824 1381 2863 planetis
1402 2834 1456 2862 per
1477 2824 1624 2864 majorem
1639 2821 1820 2853 densitatem
1834 2819 1913 2861 qu&-

1085 2867 1157 2897 dam
1172 2877 1209 2897 ex
1224 2872 1308 2906 parte
1323 2867 1578 2906 compensabitur,
1595 2875 1630 2896 ac
1645 2863 1772 2904 proinde
1783 2862 1828 2893 vis
1841 2873 1911 2903 gra·

1085 2909 1185 2939 vitatis
1205 2910 1239 2938 in
1259 2909 1412 2939 variorum
1434 2908 1626 2948 planetarum
1642 2905 1859 2946 superficiebus
1872 2904 1914 2935 ad

1084 2951 1290 2991 aequalitatem
1318 2951 1417 2991 magis
1445 2951 1568 2982 accedet
1599 2948 1692 2990 quam
1721 2948 1747 2979 si
1781 2947 1914 2987 planeto

1083 3003 1190 3024 omnes
1205 2994 1252 3023 vel
1267 2993 1416 3024 densitate
1435 2993 1567 3034 aequales
1587 2992 1696 3028 forent,
1718 2990 1767 3022 vel
1781 2990 1914 3031 planeta

1084 3036 1213 3077 majores
1227 3035 1329 3067 forent
1342 3036 1513 3067 minoribus
1527 3034 1704 3077 densioresffi
1925 3038 1930 3041 “
