2092 3470
265 272 346 310 256
593 264 944 316 INQUISITIO
975 264 1247 308 PHYSICA
1257 246 1343 307 ‘IN
1376 265 1634 309 CAUSAM

261 379 361 420 dum
382 386 459 428 est,
482 377 594 434 quod
613 378 646 419 si
675 378 901 421 Newtonus
922 392 1060 419 veram
1080 391 1246 419 causam
1264 376 1388 432 hujus
1406 377 1670 433 phaenomeni
1699 378 1956 436 assignasset,

261 448 522 503 summopere
552 448 777 490 absurdum
806 457 928 505 atque
958 448 1160 489 absonum
1188 446 1306 498 foret,
1336 449 1528 490 no'vitatis
1556 449 1694 492 studio
1720 449 1842 492 aliam
1862 465 1958 493 cau-

258 535 358 572 sam,
389 536 484 578 quae
512 521 626 564 certo
654 521 755 563 falsa
782 522 920 564 futura
949 529 1069 570 esset,
1099 519 1349 576 excogitare.
1407 520 1574 563 Deinde
1598 521 1696 563 vero
1730 522 1956 565 New-tonus

258 607 313 636 ne
342 595 560 653 vestigium
588 595 754 652 quidem
784 594 960 650 reliquit,
982 607 1035 635 ex
1054 607 1139 648 quo
1153 606 1280 634 causa
1297 591 1446 633 harum
1465 592 1614 634 virium
1634 595 1954 646 attractivarum,

262 678 365 721 quas
397 666 485 708 Soli
514 666 730 722 Lunaeque
757 664 912 714 tribuit,
944 662 1082 719 colligi
1110 669 1262 718 posset,
1285 661 1358 704 sed
1385 661 1522 717 potius
1542 662 1595 705 de
1614 677 1749 705 causae
1772 663 1955 721 physicae

255 735 506 788 inventione,
538 736 701 792 qualem
723 733 950 777 Academia
982 733 1115 790 Regia
1142 732 1402 788 potissimum
1421 732 1607 789 requirit,
1637 733 1876 790 desperasse
1894 736 1956 780 vi-

255 806 403 857 detur3
434 807 477 848 id
506 807 619 864 quod
649 808 736 863 ejus
765 806 931 848 asseclae
960 804 1100 860 aperte
1128 812 1343 855 testantur,
1371 804 1442 860 qui
1461 805 1746 848 attractionem
1765 807 1955 849 omnibus

254 879 496 935 corporibus
515 880 728 936 propriam
747 895 849 930 esse,
870 894 1004 936 neque
1023 879 1097 920 ulli
1118 892 1253 920 causae
1272 884 1457 920 externae
1486 876 1627 919 deberi
1652 877 1827 921 firmiter
1845 894 1956 922 asse-

253 959 363 1003 runt,
394 960 517 1008 atque
543 950 651 993 >adeo
681 951 735 992 ad
764 951 977 1007 qualitates
1002 950 1181 993 occultas
1202 949 1456 1006 confugiunt.
1515 949 1710 1006 Denique
1730 951 1955 995 Newtonus

252 1020 542 1063 deductionem
571 1029 614 1063 et
642 1021 941 1076 expositionem
970 1021 1155 1062 omnium
1183 1020 1554 1076 phaenomenorum
1583 1020 1637 1062 ad
1665 1028 1812 1063 aestum
1831 1021 1971 1063 maris'

251 1092 546 1147 pertinentium
565 1091 735 1134 minime
754 1091 937 1147 perfecit,
960 1091 1033 1133 sed
1053 1091 1170 1147 quasi
1199 1098 1359 1132 tantum
1378 1089 1662 1141 adumbravit3
1692 1091 1816 1146 plena
1844 1092 1955 1134 enim

250 1162 471 1217 explicatio
499 1170 562 1204 tot
589 1170 755 1219 tamque
785 1162 1010 1204 difficilium
1042 1162 1351 1204 Problematum
1372 1161 1617 1204 solutionem
1636 1161 1830 1216 postulat,
1862 1177 1956 1219 quae

252 1232 478 1274 Newtonus
507 1247 592 1275 non
622 1241 685 1276 est
712 1247 956 1290 aggressus:
986 1231 1082 1274 cum
1101 1233 1211 1275 enim
1230 1232 1352 1288 hujus
1372 1233 1611 1289 quaestionis
1641 1232 1835 1275 enodatio
1864 1248 1954 1275 am-

248 1305 455 1360 plissimos
475 1306 653 1349 calculos
673 1307 869 1363 requirat,
891 1306 980 1361 ipse
994 1305 1180 1362 analysin
1199 1306 1331 1348 vitans
1349 1305 1548 1362 pleraque
1562 1313 1724 1348 tantum
1738 1305 1871 1352 obiter
1890 1305 1954 1347 in-

249 1377 407 1419 dicasse
436 1386 653 1420 contentus
683 1377 782 1427 fuit3
817 1378 873 1420 ob
902 1392 1026 1434 quem
1055 1376 1261 1419 defectum
1289 1376 1477 1432 plurimis
1505 1376 1643 1421 adhuc
1675 1376 1812 1419 dubiis
1843 1377 1953 1420 circa

247 1449 375 1503 ipsius
395 1449 711 1505 explicationem
730 1457 793 1492 est
811 1450 991 1492 relictus.
1043 1449 1190 1506 Neque
1210 1449 1320 1492 enim
1338 1449 1381 1490 in
1401 1448 1466 1491 his
1486 1449 1641 1491 viribus
1661 1464 1804 1493 veram
1825 1449 1952 1493 aestfis

247 1520 372 1561 maris
402 1535 567 1562 causam
598 1521 800 1562 contineri
829 1519 926 1562 ante
954 1528 1112 1562 certum
1142 1535 1230 1581 esse
1258 1527 1409 1574 potest,
1441 1519 1563 1576 quam
1583 1518 1773 1561 absoluto
1792 1519 1953 1562 calculo

246 1590 453 1645 perfectus
473 1606 698 1635 consensus
717 1591 1091 1647 phaenomenorum
1110 1605 1204 1633 cum
1224 1589 1382 1633 theoria
1403 1589 1526 1633 fuerit
1545 1589 1788 1632 declaratus.

1024 1772 1169 1787 ”QU-

764 1894 995 1943 CAPUT
1030 1893 1428 1943 SECUNDUM.

499 2026 579 2073 De
600 2026 771 2074 viribus
787 2026 907 2074 Solis
927 2032 974 2072 et
991 2025 1143 2074 Lunoe
1159 2027 1223 2072 ad
1243 2026 1392 2073 Mare
1413 2024 1688 2072 movendum.

241 2168 271 2218 §.
297 2169 361 2207 16.
383 2147 652 2215 Emmus,
687 2179 790 2221 quos
829 2165 936 2207 vires
967 2163 1062 2208 cum
1103 2165 1210 2207 Solis
1250 2164 1338 2207 tum
1378 2164 1513 2208 Lunae
1551 2167 1646 2209 ante
1680 2164 1869 2209 stabilitae
1902 2165 1946 2208 in

242 2236 419 2278 Terram
453 2244 643 2288 exerunt,
675 2236 728 2280 ad
762 2237 847 2279 duo
879 2252 1033 2295 genera
1063 2246 1160 2280 sunt
1193 2237 1420 2281 referendi:
1451 2254 1627 2297 quorum
1661 2220 1836 2280 alterum
1872 2252 1943 2280 eos
2013 2228 2019 2233 ’

240 2309 527 2364 complectitur
556 2309 723 2351 effectus
754 2324 855 2366 quos
886 2310 959 2353 Sol
988 2324 1037 2351 ac
1068 2310 1191 2351 Luna
1217 2311 1259 2351 in
1287 2311 1520 2352 universam
1541 2311 1716 2352 Terram
1734 2318 1943 2365 tamquam

240 2395 370 2421 unum
404 2395 553 2436 corpus
587 2381 886 2423 consideratam
922 2389 1109 2431 exercet3
1153 2380 1328 2423 alterum
1368 2381 1467 2423 vero
1504 2396 1588 2432 eos,
1629 2395 1732 2437 quos
1767 2379 1941 2437 singulae

240 2450 385 2492 Terrae
414 2459 551 2506 partes
579 2466 604 2492 a
633 2451 788 2494 viribus
821 2451 929 2493 Solis
958 2466 1007 2492 ac
1037 2452 1174 2493 Lunae
1199 2452 1424 2507 patiuntur.
1490 2452 1560 2494 Ad
1589 2450 1757 2493 effectus
1785 2450 1936 2506 prioris

238 2521 402 2578 generis
429 2521 751 2579 investigandos,
781 2521 914 2566 omnis
948 2521 1094 2564 Terrae
1122 2523 1293 2563 materia
1322 2530 1515 2578 tanquam
1543 2522 1587 2564 in
1616 2522 1739 2564 unico
1767 2528 1937 2577 puncto,

238 2599 381 2633 centro
415 2591 569 2634 scilicet
601 2592 826 2649 gravitatis,
859 2591 1030 2633 collecta
1064 2591 1359 2643 consideratur,
1395 2607 1443 2633 ac
1473 2590 1555 2633 tam
1586 2606 1639 2634 ex
1672 2598 1788 2633 motu
1817 2591 1939 2634 insito

238 2660 362 2718 quam
390 2662 544 2704 viribus
575 2662 885 2705 sollicitantibus
914 2670 1049 2704 motus
1079 2662 1225 2704 Terrae
1253 2661 1535 2719 progressivus
1556 2662 1599 2703 in
1620 2661 1692 2704 sua
1713 2660 1845 2704 orbita
1865 2661 1938 2706 de-

240 2735 451 2777 terminari
471 2735 587 2777 solet.
649 2735 718 2778 Ex
737 2734 898 2791 hocque
917 2734 1122 2790 principio
1142 2734 1318 2776 innotuit
1337 2734 1420 2775 vim
1439 2734 1546 2776 hanc
1569 2734 1675 2777 Solis
1695 2734 1868 2785 efficere,
1890 2741 1938 2776 ut
2007 2763 2021 2786 ξ

239 2806 371 2847 Terra
406 2806 514 2847 circa
550 2806 688 2848 Solem
722 2805 765 2846 in
796 2804 929 2847 orbita
959 2803 1136 2859 elliptica
1166 2804 1487 2855 circumferatur,
1520 2805 1600 2846 vim
1632 2805 1766 2847 Lunae
1797 2812 1936 2847 autem

237 2883 322 2917 tam
348 2892 436 2918 esse
463 2876 654 2927 debilem,
685 2883 732 2919 ut
760 2876 830 2918 vix
859 2890 907 2918 ac
935 2890 988 2917 ne
1017 2876 1088 2917 vix
1117 2875 1282 2932 quidem
1306 2875 1430 2917 ullam
1461 2876 1694 2918 sensibilem
1718 2876 1935 2931 perturba-

237 2948 391 2989 tionem
421 2950 463 2991 in
491 2959 607 2992 motu
638 2950 786 2992 Terrae
813 2963 951 2991 annuo
980 2948 1209 3004 producere
1229 2948 1372 2991 valeat.
1434 2947 1592 2991 Contra
1610 2955 1747 2989 autem
1767 2947 1935 2990 docebi-

236 3026 317 3069 tur,
349 3020 430 3060 vim
462 3022 595 3062 Lunae
624 3022 678 3063 ad
706 3029 844 3076 partes
875 3021 1021 3063 Terrae
1049 3019 1156 3062 inter
1176 3035 1219 3062 se
1240 3019 1557 3062 commovendas
1576 3033 1624 3061 ac
1643 3033 1755 3061 mare
1775 3019 1933 3076 agitan-

237 3090 336 3133 dum
356 3092 486 3134 multo
505 3108 592 3135 esse
612 3094 822 3137 fortiorem
841 3093 881 3136 vi
902 3092 1008 3136 Solis
1019 3108 1031 3143 ;
1053 3107 1106 3135 ex
1125 3108 1207 3149 quo
1226 3093 1430 3150 plerisque
1449 3092 1584 3148 primo
1603 3091 1753 3134 intuitu
1773 3090 1932 3134 summe
