2092 3470
248 234 330 271 326
576 225 930 276 INQUISITIO
961 225 1232 269 PHYSICA
1261 225 1329 269 IN
1360 224 1618 268 CAUSAM

246 343 387 386 tabula
416 355 541 398 quam
570 340 698 383 celeb.
733 339 895 383 Cassini
922 340 967 381 in
997 339 1129 382 Mem.
1153 342 1277 384 1713.
1305 353 1384 394 pro
1413 339 1582 381 diversis
1613 338 1748 380 Lunae
1768 353 1793 379 a
1813 338 1946 381 Terra

247 413 451 455 distantiis
473 426 524 453 ex
544 411 732 466 plurimis
752 411 1106 453 observationibus
1129 409 1303 452 Brestiae
1328 409 1524 451 institutis
1543 409 1721 466 collegit,
1753 409 1849 450 satis
1870 416 1947 451 'ac-

247 482 387 526 curate
408 497 503 523 cum
522 481 682 524 theoria
704 481 842 524 nostra
863 478 1085 536 conspirat,
1117 480 1286 524 etiamsi¹
1303 481 1413 522 enim
1431 494 1510 535 pro
1530 480 1653 522 Luna
1670 481 1852 537 perigaea
1870 481 1948 522 mi-

247 571 394 598 norem
414 555 682 597 elevationem
701 570 819 612 aquae
838 555 1004 604 tribuat,
1027 551 1152 609 quam
1171 553 1250 594 ista
1266 552 1370 594 ratio
1390 552 1628 608 requireret,
1650 560 1788 594 tamen
1803 552 1947 594 discri-

247 642 345 670 men
372 626 492 669 valde
512 636 573 668 est
592 627 810 684 exiguum:
846 625 946 682 quin
976 625 1099 666 etiam
1124 623 1243 665 facile
1273 623 1521 665 concedetur
1541 623 1707 665 Lunam
1725 624 1948 681 perigaeam
1987 641 1989 643 ·

195 707 198 709 ’
246 706 381 740 totum
410 712 536 745 suum,
558 697 748 740 effectum
775 711 860 738 non
888 704 974 738 tam
994 694 1076 737 cito
1097 694 1292 750 consequi
1310 709 1443 749 posse,
1474 709 1593 750 quem
1617 702 1946 751 consequeretur,

247 771 282 811 si
301 770 424 812 Luna
442 769 644 825 perpetuo
663 770 708 810 in
726 770 911 825 perigaeo
935 774 1182 809 versaretur.
1242 766 1377 808 Aliter
1396 774 1533 808 autem
1555 767 1678 809 Luna
1697 782 1869 824 apogaea
1888 775 1951 809 est

247 851 496 898 comparata,
519 857 613 899 quae
632 842 686 883 ad
706 840 1023 882 diminuendum
1042 847 1191 881 aestum
1209 839 1334 881 maris
1354 839 1499 890 tendit,
1521 837 1613 894 curn
1637 839 1748 880 enim
1766 854 1881 881 mare
1895 840 1950 882 ob

246 917 437 959 inertiam
466 924 508 957 et
536 914 830 970 impedimenta
855 914 992 968 ipsum
1011 913 1065 954 ad
1085 913 1403 954 diminutionem
1421 911 1544 954 aestfis
1566 912 1619 953 sit
1636 912 1831 967 proclive,
1863 912 1952 955 sine

246 987 331 1029 111Ιᾶ
361 986 592 1030 resistentia
623 986 745 1027 Luna
773 986 818 1026 in
847 999 1024 1042 apogaeo·
1046 985 1266 1026 constituta
1285 985 1475 1030 effectum
1496 1000 1616 1026 suum
1636 993 1788 1027 exeret.
1848 984 1952 1027 Huc

247 1060 371 1101 etiam
389 1058 580 1113 pertinet,
603 1057 717 1113 quod
735 1056 889 1111 pariter
909 1056 1035 1097 celeb.
1060 1055 1220 1097 Cassini
1240 1071 1282 1097 se
1303 1057 1540 1098 observasse
1560 1065 1744 1107 testatur,
1776 1057 1953 1098 similem

248 1129 523 1172 differentiam
543 1129 620 1170 etsi
638 1126 774 1169 multo
794 1127 996 1168 minorem
1017 1142 1041 1168 a
1059 1126 1180 1168 variis
1204 1125 1310 1168 Solis
1330 1142 1356 1167 a
1376 1126 1508 1168 Terra
1530 1128 1732 1169 distantiis
1759 1127 1950 1183 produci,

248 1201 294 1242 id
314 1200 427 1256 quod
447 1207 601 1241 nostrae
621 1198 793 1240 theoriae
813 1212 899 1239 non
920 1197 1055 1239 solum
1075 1205 1137 1240 est
1156 1204 1489 1248 consentaneum,
1512 1198 1585 1238 sed
1604 1198 1701 1242 inde
1721 1198 1843 1241 etiam
1861 1199 1953 1254 ipsa

252 1272 458 1329 quantitas
477 1272 602 1327 hujus
621 1270 864 1313 differentiae
884 1269 1215 1327 potestdefiniri.
1982 1319 1986 1323 ἡ

307 1348 337 1398 §.
375 1349 473 1385 110.
515 1342 713 1399 Denique
742 1342 949 1384 decimum
983 1342 1290 1398 phaenomenon
1321 1358 1410 1385 sese
1439 1343 1559 1384 nobis
1590 1343 1952 1398 contemplandum

249 1416 382 1466 offert,
415 1430 497 1471 quo
526 1414 653 1471 vulgo
682 1415 805 1456 statui
833 1415 938 1456 solet
966 1422 1090 1456 aestus
1119 1422 1204 1456 tam
1223 1415 1529 1456 noviluniorum
1549 1412 1677 1471 quam
1705 1416 1955 1470 plenilunio·-

250 1502 356 1537 rum,
389 1486 461 1542 qui
490 1485 734 1542 contingunt
763 1485 871 1526 circa
900 1485 1159 1542 aequinoctia,
1192 1486 1350 1527 caeteris
1371 1500 1459 1528 esse
1478 1486 1670 1541 majores,
1697 1486 1857 1529 etiamsi
1880 1487 1955 1528 ob-

252 1559 504 1601 servationes
524 1558 632 1598 hanc
651 1557 839 1614 regulam
857 1572 943 1598 non
970 1556 1134 1613 penitus
1154 1557 1424 1607 confirment3
1456 1557 1724 1613 quamobrem
1742 1557 1956 1600 videamus

252 1629 461 1686 quomodo
481 1636 605 1670 aestus
621 1628 780 1670 caeteris
798 1628 966 1683 paribus
982 1636 1241 1683 comparatus
1257 1643 1346 1669 esse
1362 1627 1510 1671 debeat
1529 1643 1607 1683 pro
1627 1628 1799 1670 diversis
1821 1629 1956 1670 Lunae

254 1701 608 1744 declinationibus.
669 1701 734 1742 Ac
754 1699 890 1756 primo
911 1701 1077 1756 quidem
1097 1716 1150 1742 ex
1169 1700 1309 1741 nostra
1330 1699 1489 1741 theoria
1521 1703 1570 1754 (5.
1592 1701 1678 1752 87.)
1709 1709 1834 1742 aestus
1855 1700 1956 1742 dum

254 1766 376 1817 Luna
404 1775 449 1814 in
477 1781 686 1829 aequatore
715 1782 914 1824 versatur,
945 1775 1148 1815 maximos
1178 1789 1266 1815 esse
1296 1788 1381 1814 non
1408 1788 1556 1828 posse,
1575 1774 1655 1815 nisi
1683 1775 1726 1815 in
1753 1774 1854 1816 locis
1879 1775 1956 1816 sub

251 1848 343 1902 ipso
363 1852 572 1901 aequatore
593 1844 705 1885 sitis:
738 1852 860 1899 atque
882 1845 1029 1886 eodem
1057 1845 1150 1886 loco
1171 1843 1365 1885 tabellam
1385 1843 1622 1898 adjecimus,
1655 1859 1709 1885 ex
1729 1844 1811 1900 qua
1829 1853 1955 1899 patet,

252 1920 414 1961 cuinam
436 1921 570 1962 Lunae
590 1920 853 1961 declinationi
872 1920 1042 1960 maximi
1061 1927 1183 1960 aestus
1203 1917 1490 1973 respondeant.
1553 1917 1619 1959 Ita
1637 1933 1715 1973 pro
1731 1918 1958 1961 elevatione

250 1992 337 2047 poli
381 1992 464 2035 50⁰.
499 2001 623 2034 aestus
658 1992 829 2033 maximi
861 1992 1048 2033 incidunt
1079 1991 1214 2033 Lunae
1246 1989 1509 2031 declinationi
1549 1994 1633 2034 27⁰.
1670 1990 1704 2031 si
1734 1990 1900 2046 quidem
1929 2006 1959 2048 g

251 2070 441 2116 ponatur<
461 2083 506 2099 =
534 2063 605 2116 ἕδη
637 2072 678 2104 at
698 2063 833 2118 posito
855 2078 884 2119 g
909 2084 954 2100 =
972 2064 1038 2115 5³62
1065 2062 1176 2118 quod
1194 2061 1447 2116 probabilius
1467 2059 1642 2111 videtur,
1662 2061 1804 2116 prodit
1823 2062 1959 2104 Lunae

253 2134 473 2175 declinatio
492 2134 719 2174 maximum
739 2141 885 2174 aestum
904 2133 1138 2188 producens
1160 2133 1321 2174 circiter
1345 2137 1427 2173 16⁰.
1457 2131 1502 2173 id
1533 2131 1646 2188 quod
1665 2131 1838 2195 mirifice
1859 2147 1957 2174 con-

253 2207 364 2247 venit
404 2221 499 2248 cum
537 2207 892 2248 observationibus
932 2206 986 2247 ad
1020 2206 1158 2247 littora
1194 2204 1344 2247 Galliae
1380 2203 1715 2259 septentrionalia
1747 2204 1955 2254 institutis,

254 2277 401 2331 quibus
431 2285 591 2320 constat
617 2278 820 2318 maximos
850 2277 1107 2334 syzygiarum
1135 2284 1258 2317 aestus
1285 2275 1494 2316 mensibus
1526 2274 1754 2316 Novembri
1774 2283 1815 2316 et
1850 2275 1957 2316 Feb-

255 2351 393 2392 ruario
423 2351 609 2392 accidere
640 2351 784 2401 solere,
818 2351 965 2407 quibus
992 2350 1244 2406 temporibus
1275 2350 1398 2391 Luna
1418 2348 1502 2390 fere
1523 2350 1770 2406 assignatam
1803 2350 1964 2393 obtinet

254 2421 581 2466 declinationem.
640 2423 700 2462 At
730 2421 842 2477 quod
872 2420 976 2462 forte
1006 2421 1067 2462 illi
1095 2421 1264 2478 regulae,
1297 2419 1377 2476 qua
1409 2420 1544 2461 Lunae
1572 2421 1616 2461 in
1635 2429 1845 2476 aequatore
1866 2435 1957 2462 ver—

255 2493 361 2533 santi
388 2493 559 2534 maximi
589 2500 713 2533 aestus
743 2493 921 2534 adscribi
950 2492 1065 2543 solet,
1098 2507 1240 2533 ansam
1267 2492 1494 2547 praebuisse
1520 2491 1694 2542 videtur,
1727 2500 1789 2533 est
1807 2492 1955 2536 modus

256 2574 431 2607 aestuum
460 2567 706 2623 quantitates
736 2565 960 2607 definiendi
987 2565 1205 2621 peculiaris
1235 2579 1283 2605 ac
1317 2564 1412 2605 satis
1447 2578 1662 2618 perversus
1674 2579 1686 2613 3
1713 2562 1811 2606 cum
1845 2567 1960 2617 enim

256 2637 472 2678 crederent
490 2637 677 2692 plerique
698 2637 978 2678 observatores
998 2637 1129 2678 causis
1150 2636 1292 2677 alienis
1311 2634 1571 2686 tribuendam
1592 2649 1680 2676 esse
1699 2635 1959 2692 inaequalita-

254 2716 350 2760 tem,
383 2724 476 2766 quae
505 2710 611 2751 inter
639 2710 759 2750 binos
789 2718 912 2752 aestus
933 2709 1183 2751 successivos
1203 2707 1441 2757 intercedat,
1463 2721 1604 2748 veram
1623 2722 1743 2763 aquae
1764 2707 1958 2749 clevatio·

255 2794 348 2820 nem
381 2780 610 2822 accuratius
641 2780 813 2822 definire
842 2789 937 2823 sunt
966 2782 1167 2831 arbitrari,
1201 2781 1235 2822 si
1265 2787 1471 2821 sumerent
1499 2779 1684 2820 medium
1713 2780 1818 2822 inter
1836 2780 1956 2822 binos

255 2850 392 2890 fluxus
422 2852 684 2893 successivos.
748 2851 876 2901 Qubd
905 2853 939 2894 si
967 2861 1102 2893 autem
1122 2852 1202 2894 hoc
1221 2851 1346 2893 modo
1366 2852 1517 2907 quique
1538 2859 1662 2893 aestus
1688 2852 1954 2903 aestimentur,

259 2930 347 2963 tum
367 2923 508 2978 utique
528 2925 698 2965 maximi
728 2932 851 2966 aestus
880 2925 923 2965 in
944 2924 1189 2980 aequinoctia
1208 2923 1388 2964 incidere
1409 2923 1749 2975 observabuntur,
1780 2924 1824 2965 id
1844 2925 1957 2980 quod

262 2994 383 3035 etiam
415 3003 568 3035 nostrae
602 2996 775 3037 theoriae
807 2996 986 3038 maxime
1019 3004 1081 3037 est
1113 2995 1336 3046 conforme,
1374 2997 1556 3052 exceptis
1587 3004 1747 3039 'tantum
1779 2997 1959 3054 regioni-

260 3067 339 3109 bus
368 3066 474 3122 polis
505 3067 780 3111 vicinioribus.
845 3069 950 3112 Cum
989 3068 1098 3111 enim
1130 3062 1274 3125 positis
1310 3069 1403 3111 sinu
1436 3070 1673 3112 elevationis
1705 3069 1797 3126 poli
1826 3093 1872 3108 =
1906 3069 1957 3121 P,
