2092 3470
294 238 347 276 16
632 266 633 272 κ
703 232 1153 278 PHILOSOPHIAE
1183 233 1543 278 NATURALIS
1599 233 1696 287 [DE
1712 233 1842 278 Mun.
1859 235 1977 279 Svs‘n

291 346 517 403 pemodum
545 347 739 391 uniformi
767 363 862 391 cum
889 356 1019 400 motu,
1050 348 1124 391 sed
1147 349 1272 404 paulo
1292 349 1463 391 celerius
1482 356 1620 391 tamen
1637 349 1682 390 in
1700 348 1908 404 periheliis
1933 363 1985 392 ac

293 418 449 461 tardius
477 419 522 460 in
549 418 734 476 apheliis,
765 420 824 462 sic
852 426 900 461 ut
927 434 1116 462 arearum
1144 419 1357 476 aequabilis
1383 420 1436 461 sit
1454 419 1688 474 descriptio.
1749 419 1985 476 Propositio

293 498 355 532 est
373 491 617 533 astronomis
635 491 857 542 notissima,
883 490 935 545 (²)
951 497 993 531 et
1011 490 1054 531 in
1069 490 1173 531 Jove
1192 488 1378 545 apprime
1396 489 1701 532 demonstratur
1717 503 1793 544 per
1812 489 1984 545 eclipses

292 561 522 614 satellitum,
554 563 701 619 quibus
731 562 947 617 eclipsibus
973 561 1282 603 heliocentricas
1309 561 1488 616 planetae
1506 562 1628 617 huJus
1646 561 1923 619 longitudines
1941 568 1985 606 et

294 633 504 678 distantias
525 650 549 677 a
572 635 667 678 Sole
688 635 950 680 determinari
970 634 1162 676 diximus.

848 766 1314 843 PHAENOMENON
1346 799 1422 841 VI.

292 940 452 983 Lunam
481 942 599 982 radio
628 943 685 982 ad
720 947 891 982 centrum
928 941 1066 982 Term’
1104 941 1231 990 ducto,
1271 952 1407 980 aream
1447 938 1615 1018 tempori
1643 936 1984 992 proportionalem

1018 1010 1244 1053 describere.

352 1149 477 1192 Patet
497 1164 551 1192 ex
567 1150 701 1192 Lunae
720 1159 836 1194 motu
855 1159 1077 1208 apparente
1098 1165 1194 1194 cum
1213 1151 1340 1207 ipsius
1361 1151 1561 1194 diametro
1581 1159 1803 1208 apparente
1822 1142 1984 1194 collato.

297 1222 568 1265 Perturbatur
597 1231 732 1266 autem
766 1231 902 1266 motus
932 1225 1088 1266 lunaris
1122 1224 1422 1281 aliquantulum
1460 1239 1486 1266 a
1523 1224 1564 1265 vi
1600 1223 1721 1276 Solis,
1762 1223 1836 1266 sed
1873 1237 1987 1266 erro-

295 1308 390 1336 rum
409 1295 662 1338 insensibiles
682 1296 874 1340 minutias
893 1296 938 1338 in
956 1296 1069 1338 hisce
1088 1296 1371 1352 phaenomenis
1391 1295 1570 1352 negligo.

340 1443 374 1486 (²
377 1444 390 1484 )
413 1446 485 1477 Ee
472 1456 508 1477 m
521 1447 594 1478 Jove
607 1445 744 1486 amm'me
762 1448 992 1480 demonstratur.
1039 1446 1124 1477 Nam
1168 1445 1283 1483 Solem,
1313 1450 1346 1476 et
1373 1444 1473 1476 orbita
1499 1444 1567 1484 ipsa
1593 1443 1722 1476 describi
1749 1449 1868 1484 potesta
1903 1441 1990 1475 und&

298 1495 354 1525 per
374 1486 501 1526 eclipses
522 1487 687 1518 satellitum
703 1488 922 1519 determinatur
935 1488 1023 1520 locus
1036 1489 1125 1520 Jovis
1165 1487 1430 1530 quemadmodum
1458 1487 1498 1518 de
1529 1486 1600 1518 Sole
1625 1485 1764 1517 diximus
1798 1487 1870 1527 (43)
1905 1490 1991 1525 patet

297 1537 317 1559 e
342 1529 413 1560 Sole
435 1530 518 1560 visus
540 1531 666 1571 ejusque
689 1542 708 1562 a
732 1531 803 1561 Sole
824 1531 976 1568 distantia,
1002 1537 1034 1561 et
1055 1529 1124 1562 ideo
1165 1532 1277 1568 Jovem
1300 1530 1469 1561 describere
1491 1539 1576 1561 areas
1604 1529 1793 1569 vernporibus
1820 1526 1990 1568 pmportio-

297 1570 416 1601 collatis
436 1571 572 1611 plurium
595 1573 755 1611 eclipsium
780 1573 1047 1609 observationibus,
1069 1574 1123 1603 ha·
1165 1573 1251 1604 mles
1265 1571 1345 1604 circa
1362 1572 1474 1604 Solem.

299 1613 390 1643 betur
410 1620 513 1645 motus
534 1625 624 1645 verus
643 1615 760 1646 Jovis
750 1625 783 1645 m
797 1614 919 1655 propria
933 1615 1031 1646 orbita
1044 1617 1071 1646 ci
1073 1614 1124 1646 rc&
