2092 3470
278 233 361 273 26¹!-
604 224 956 277 INQUISITIO
988 225 1259 268 PHYSICA
1290 225 1357 267 IN
1384 186 1647 270 CXUSAM

712 341 1093 398 S(yy—2xx)

275 366 491 425 urgebitur
530 367 572 409 vi
608 393 654 413 ξ
694 398 1108 465 affl

1112 396 1124 416 s
1175 366 1216 409 in
1257 366 1483 428 directione
1530 368 1630 411 vero
1680 368 1733 411 M
1772 369 1814 412 R
1852 369 1893 411 vi
1929 384 1976 406 -..=

322 488 347 524 3
372 483 403 524 S
423 496 452 523 Χ
470 497 500 538 y

273 563 299 589 a
316 547 333 571 3
362 551 403 590 4]
431 552 478 604 (X
495 549 511 569 2
540 557 583 599 †
609 565 637 606 y
656 551 687 602 2)

325 624 360 675 ᾗ.
382 626 449 664 28.
482 622 552 664 ΕΧ
570 623 634 665 his
653 623 780 680 igitur
797 621 1015 678 postremis
1035 621 1222 664 formulis
1240 622 1486 681 intelligitur
1505 623 1558 666 ab
1578 623 1738 666 actione
1761 623 1868 667 Solis
1889 623 1973 666 sive

272 694 407 736 Lunae
427 696 470 737 in
492 697 522 739 S
543 698 753 739 existentis
772 696 1014 753 gravitatem
1035 696 1248 751 particulae
1271 696 1323 738 M
1343 697 1486 754 augeri
1506 697 1540 739 si
1560 695 1646 754 ejus
1667 697 1767 739 situs
1787 705 1975 753 respectu

267 774 395 808 rectae
417 768 447 810 S
468 767 505 809 C
533 768 590 809 ita
608 768 732 810 fuerit
751 775 1023 823 comparatus,
1055 775 1102 809 ut
1121 768 1173 809 sit
1191 783 1220 824 y
1237 783 1266 824 y
1292 767 1342 818 >
1378 773 1405 809 2
1424 783 1455 810 Χ
1474 781 1505 810 Χ
1523 768 1605 811 hoc
1625 777 1688 811 est
1707 778 1881 826 tangens
1901 784 1973 811 an-

272 839 360 896 guii
391 839 444 882 M
467 840 504 882 C
526 841 562 882 P
580 840 629 890 >
675 841 717 882 ν’
738 845 768 880 2
788 840 924 895 posito
945 840 1037 881 sinu
1055 847 1143 881 toto
1169 860 1214 875 =
1243 845 1281 891 1,
1314 838 1457 883 contra
1475 840 1574 883 vero
1593 840 1836 899 gravitatem
1855 836 1976 882 dimi-

267 910 354 961 nui,
377 911 411 952 si
428 910 554 952 fuerit
572 925 601 967 y
614 926 643 967 y
671 911 720 962 <
736 916 763 952 2
778 925 809 950 Χ
822 925 866 952 Χ.
926 911 1069 960 Quare
1090 909 1185 952 cnm
1204 912 1383 969 angulus
1404 913 1519 968 cujus
1537 920 1711 970 tangens
1732 920 1794 954 est
1811 931 1857 948 ==
1884 912 1927 955 xl
1947 917 1973 953 2

268 982 475 1024 contineat
505 988 588 1024 54⁰.
611 986 693 1024 45'.
716 981 889 1033 circiter,
921 982 956 1023 si
985 983 1241 1037 concipiatur
1266 984 1443 1026 circulus
1471 985 1619 1027 Terrae
1645 985 1851 1027 maximus
1882 985 1973 1042 qui-

268 1067 431 1110 cunque
461 1053 502 1095 A
522 1054 566 1096 D
589 1054 628 1095 Β
650 1054 701 1104 Ε,
731 1054 846 1108 cujus
874 1053 1043 1108 planum
1068 1067 1144 1109 per
1169 1062 1371 1109 punctum
1403 1056 1434 1097 S
1457 1063 1650 1106 transeat,
1683 1056 1726 1096 in
1745 1070 1878 1112 eoque
1898 1055 1975 1097 du·
2050 1060 2055 1066 ‘

261 1134 411 1168 cantur
429 1134 554 1168 rectae
585 1127 680 1168 F'C
701 1127 724 1168 Ι
750 1134 793 1168 et
820 1126 863 1169 G
885 1127 921 1168 C
944 1126 1005 1177 H,
1027 1142 1123 1183 quae
1140 1142 1237 1169 cum
1257 1128 1369 1171 recta
1398 1130 1432 1172 S
1453 1130 1494 1171 A
1517 1130 1554 1171 B
1580 1130 1754 1187 angulos
1774 1130 1974 1172 constitu-

265 1205 336 1238 ant
364 1203 448 1240 540.
471 1199 552 1240 45'.
566 1213 579 1248 3
609 1195 698 1239 tum
726 1211 869 1238 omnes
900 1196 1051 1238 Terrae
1075 1197 1292 1252 particulae
1320 1198 1363 1239 in
1391 1200 1531 1254 spatiis
1562 1201 1599 1242 F
1621 1201 1657 1242 C
1680 1201 1729 1242 H
1755 1209 1796 1242 et
1827 1201 1870 1243 G
1893 1201 1929 1243 C
1951 1201 1973 1243 I

264 1269 354 1310 sitae
373 1269 585 1326 gravitatis
606 1269 804 1311 naturalis
824 1276 1092 1326 augmentum
1112 1270 1327 1324 accipient,
1358 1270 1529 1327 reliquae
1558 1270 1657 1314 vero
1686 1274 1900 1328 particulae
1929 1272 1974 1315 in

264 1341 407 1396 spatiis
431 1341 467 1382 F
490 1341 526 1383 C
549 1341 593 1383 G
612 1348 654 1382 et
675 1341 724 1383 H
747 1341 783 1382 C
804 1341 827 1382 Ι
845 1341 992 1397 positae
1008 1340 1322 1384 decrementum
1338 1344 1552 1400 gravitatis
1571 1345 1792 1399 patientur.
1833 1346 1973 1402 Atque

261 1411 371 1462 hine,
404 1411 663 1468 quacumque
692 1412 838 1453 Terrae
866 1410 1068 1467 particula
1096 1412 1324 1467 proposita,
1366 1413 1532 1455 definiri
1566 1417 1731 1470 poterit,
1766 1415 1971 1472 quantum

263 1483 349 1537 ejus
378 1483 556 1539 gravitas
586 1496 613 1524 a
644 1482 740 1525 Sole
769 1481 943 1524 Lunfi've
971 1482 1015 1523 in
1038 1483 1068 1524 S
1088 1482 1290 1525 existente
1308 1483 1375 1525 vel
1402 1493 1601 1542 augeatur
1620 1486 1685 1528 vel
1705 1487 1970 1529 diminuatur.

263 1553 408 1594 Altera
434 1551 533 1594 vero
555 1553 629 1604 vis,
662 1552 741 1609 qua
768 1553 970 1608 particula
990 1552 1043 1594 M
1062 1553 1106 1594 in
1126 1553 1353 1596 directione

260 1624 505 1667 horizontali
526 1625 578 1667 M
597 1626 636 1667 R
656 1633 838 1682 urgetur,
862 1624 973 1680 (vide
989 1624 1166 1681 figuram
1182 1625 1235 1666 ad
1254 1640 1350 1682 pag.

262 1697 377 1748 262.)
395 1695 641 1737 affirmativa
661 1695 750 1745 erit,
783 1696 826 1735 in
847 1709 1020 1750 eamque
1048 1695 1226 1751 plagam,
1260 1710 1353 1750 quae

260 1767 303 1809 in
324 1767 459 1824 figura
478 1774 809 1821 repraesentatur,
831 1774 987 1823 verget,
1006 1766 1040 1806 si
1061 1766 1307 1821 quantitates
1323 1781 1353 1807 Χ

261 1847 301 1880 et
318 1855 346 1896 y
364 1839 501 1880 ambae
518 1838 673 1880 fuerint
686 1838 752 1879 vel
771 1837 1026 1879 affirmativae
1040 1837 1106 1878 vel
1126 1834 1350 1894 negativae:

260 1914 593 1969 contrariumque
613 1912 786 1962 eveniet,
809 1912 843 1952 si
864 1925 1005 1952 earum
1026 1909 1154 1950 altera
1173 1910 1226 1950 sit
1244 1909 1353 1951 affir-

260 1985 423 2035 mativa,
442 1983 575 2025 altera
593 1982 795 2039 negativa.
857 1980 1000 2030 Quare
1023 1979 1058 2020 si
1076 1979 1280 2034 particula
1301 1978 1353 2021 M

261 2058 337 2099 sita
355 2056 478 2097 fuerit
497 2055 563 2096 vel
582 2054 626 2095 in
646 2053 875 2110 quadrante
900 2053 939 2093 A
961 2051 997 2093 C
1018 2051 1062 2093 D
1083 2050 1148 2092 vel
1179 2050 1220 2091 A
1242 2050 1278 2092 C
1299 2050 1350 2101 E,

260 2136 348 2170 tum
381 2127 442 2168 vis
475 2123 742 2166 horizontalis
771 2123 827 2164 ad
856 2129 1013 2163 rectam
1046 2120 1085 2162 ‘C
1107 2120 1147 2161 A
1183 2119 1351 2171 tendet3

200 2248 203 2250 ,
261 2197 404 2241 contra
426 2196 524 2239 vero
551 2196 642 2238 haec
661 2195 721 2237 vis
741 2194 795 2236 ad
814 2193 977 2235 radium
1008 2192 1044 2233 C
1067 2192 1104 2234 B
1131 2191 1350 2249 dirigetur,

261 2272 295 2313 si
310 2269 516 2327 particula
537 2268 590 2311 M
610 2268 662 2310 sit
687 2267 752 2308 vel
781 2267 824 2308 in
845 2265 1072 2322 quadrante
1100 2263 1137 2306 B
1160 2263 1196 2304 C
1216 2264 1260 2305 D
1288 2263 1355 2304 vel

264 2343 302 2384 B
319 2342 355 2384 C
373 2342 410 2384 E
430 2341 665 2384 constituta.
722 2339 790 2380 Ex
806 2337 952 2394 quibus
971 2334 1217 2391 perspicitur
1233 2333 1354 2376 effec-

262 2425 326 2458 tus
355 2416 420 2458 vel
452 2415 558 2458 Solis
587 2415 650 2457 vel
682 2414 816 2457 Lunae
836 2413 879 2456 in
899 2411 1022 2453 ambo
1042 2408 1346 2464 hemisphaeria,

263 2489 449 2544 superius
462 2488 618 2529 scilicet
638 2486 682 2527 D
694 2485 734 2527 A
751 2483 789 2526 E
810 2492 851 2524 et
870 2481 1036 2523 inferius
1058 2481 1102 2522 D
1117 2479 1155 2523 B
1170 2480 1221 2530 E,
1243 2479 1351 2520 inter

256 2575 306 2603 ‚se
324 2574 414 2602 esse
433 2558 519 2601 sere
542 2557 692 2599 similes
703 2572 716 2607 3
747 2570 840 2612 quae
859 2552 1082 2596 similitudo
1109 2565 1272 2608 quoque
1299 2550 1344 2591 in

260 2633 352 2689 ipso
372 2639 475 2673 aestu
495 2631 619 2672 maris
643 2629 895 2671 observatur.
1697 2682 1706 2693 ⁸

320 2707 352 2757 §.
374 2709 442 2745 29.
474 2702 683 2743 Ponamus
700 2713 814 2740 nunc
833 2695 1077 2753 particulam
1099 2693 1151 2737 M
1169 2693 1213 2735 in
1238 2689 1326 2748 ipsa
1347 2689 1494 2732 Terrae
1515 2683 1734 2742 superficie
1750 2695 1844 2725 esse
1862 2695 1961 2723 con-

265 2777 461 2826 stitutam,
498 2774 666 2830 eritque?
701 2774 742 2814 xl
771 2774 817 2826 (x
835 2769 852 2794 ⁹
872 2769 914 2812 -Ι-
933 2783 959 2825 y
978 2765 1011 2820 5²)
1039 2787 1084 2803 =
1113 2772 1131 2807 1
1172 2765 1226 2806 ob
1261 2763 1407 2805 Terrae
1441 2742 1821 2802 semi-diametrum*
1843 2769 1884 2792 =
1924 2758 1960 2795 1.

262 2848 409 2897 Quare
438 2848 471 2888 si
499 2844 703 2902 particula
732 2843 784 2886 M
811 2841 935 2884 fuerit
962 2839 1096 2895 posita
1124 2837 1167 2878 in
1199 2834 1264 2883 M,
1296 2834 1495 2875 existente
1514 2829 1655 2888 anguli
1675 2828 1716 2871 A
1735 2826 1775 2869 C
1797 2825 1849 2868 M
1869 2825 1963 2868 sinu

271 2940 317 2956 =
332 2935 359 2975 y
372 2928 413 2960 et
427 2913 572 2961 cosinu
596 2938 641 2954 =
657 2932 700 2968 x,
723 2917 810 2972 ejus
824 2913 1002 2972 gravitas
1022 2908 1225 2977 naturalis*
1237 2906 1503 2948 acceleratrix
1523 2920 1547 2946 a
1567 2902 1665 2946 Sole
1686 2898 1858 2943 Lunave
1870 2899 1914 2939 in
1929 2898 1962 2939 S

268 3021 485 3078 augebitur
504 3021 546 3062 vi
567 3047 614 3064 =
642 2984 1005 3097 ψ
1023 3009 1249 3056 secundum
1262 3010 1519 3052 horizontem
1531 3013 1670 3051 autem
1682 3004 1725 3046 in
1737 3001 1962 3046 directione

2086 2819 2092 2891 i
