2092 3470
174 212 323 254 Lim-m
340 208 578 263 Tannus]
625 208 958 254 ‘PRINCIPIA
990 211 1479 260 MATHEMATICA.

171 323 308 366 fingatur
327 324 360 355 in
379 324 516 364 icor-pus
535 324 669 360 centrale
688 324 762 356 Jovi
784 325 892 362 sumile,
916 325 996 356 circa

170 367 264 407 quod,
290 366 405 398 semota
434 366 513 396 Solis
540 367 667 403 actione,
691 366 810 397 satelles
827 368 946 408 gravior
965 368 995 398 L

170 410 338 440 describere
363 409 474 449 poterit
499 409 631 439 orbitam
669 409 696 438 P
725 409 757 444 Q
785 409 816 440 R
843 410 873 440 T
901 411 995 449 priori

171 454 203 482 A
215 452 241 482 C
252 452 280 482 Β
290 451 324 481 D
332 450 480 490 aequalem
489 462 499 488 ;
509 451 684 481 restituatur
693 451 771 482 Solis
779 452 867 488 actio,
875 453 954 482 actio
963 463 996 482 e-

165 493 220 534 jus
231 493 263 522 in
270 497 436 532 utrumque
442 492 602 523 satellitem
609 494 667 523 erit
672 493 797 533 equalis
807 494 839 523 in
846 494 996 526 similibus

168 534 335 566 orbitarum
347 535 469 573 punctis
479 547 489 572 ς
504 545 578 565 nam
588 541 711 574 propter
720 536 877 576 ingentem
888 537 996 575 puncti

173 576 391 608 Sdistantiam
411 577 617 608 eritSAad
639 577 715 614 SP,
738 578 996 609 etSBadSR

168 621 861 714 ntsradstideaqueutjdadje
892 657 914 687 g

165 717 242 742 tates
260 711 294 743 in
315 710 359 741 eis
373 712 495 751 punctis
517 712 618 744 forent
631 719 667 744 ut
680 714 702 744 d
715 713 756 745 ad
769 725 797 753 e,
817 713 947 756 ide6que
969 713 995 744 ἑ

915 646 993 676 ravi-

157 1930 301 1962 satellites
314 1931 415 1962 forent
429 1942 516 1973 aeque
525 1942 641 1974 graves,
656 1930 780 1971 paribus
793 1933 826 1964 in
835 1929 985 1964 distantiis

156 1974 319 2013 gravitates
333 1973 366 2003 in
379 1974 423 2004 eis
436 1976 559 2013 punctis
572 1975 673 2005 forent
679 1981 716 2005 ut
726 1974 747 2005 d
758 1975 796 2006 ad
806 1987 833 2012 e,
849 1975 902 2006 sed
913 1976 985 2016 quia

155 2015 287 2056 gravitas
295 2015 433 2046 satellitis
441 2016 453 2046 l
461 2022 506 2046 est
514 2016 553 2047 ad
561 2016 740 2058 gravitatem
744 2018 880 2048 satellitis
889 2018 916 2047 L
922 2024 959 2048 ut
966 2028 985 2048 e

155 2057 196 2088 ad
210 2056 241 2094 d,
251 2063 467 2096 compensatur
481 2058 644 2089 discrimen
655 2059 810 2098 gravitatis
818 2070 856 2090 ex
871 2059 983 2090 distan-

155 2098 200 2130 tia
213 2104 316 2129 ortum
330 2109 386 2138 per
405 2099 570 2131 discrimen
590 2101 746 2140 gravitatis
766 2112 804 2132 ex
825 2102 984 2142 hypothesi

155 2141 373 2172 constitutum:
391 2142 521 2173 mutatio
532 2149 636 2173 autem
644 2152 714 2182 quae
725 2153 762 2173 ex
774 2144 893 2174 actione
905 2144 984 2174 Solis

155 2183 254 2214 oritur
273 2183 307 2213 in
323 2184 453 2214 orbitam
473 2185 611 2215 satellitis
625 2184 722 2215 relate
736 2185 776 2216 ad
789 2186 856 2226 ejus
869 2185 983 2225 prIma-

152 2225 239 2256 rium
260 2225 373 2264 pendet
393 2235 431 2257 ex
454 2226 628 2257 discrimine
653 2227 780 2258 actionis
797 2228 876 2258 Solis
889 2228 923 2257 in
936 2238 983 2258 sa.

151 2267 286 2298 tellitem
299 2274 331 2298 et
350 2267 385 2298 in
398 2269 589 2308 primarium,
611 2270 670 2299 hoc
684 2275 730 2299 est
742 2270 777 2300 in
791 2270 982 2310 oppositione

149 2309 270 2348 'pendet
294 2320 333 2340 ex
356 2311 479 2342 residuo
495 2311 624 2342 actionis
647 2311 727 2342 Solis
747 2312 781 2342 in
802 2312 983 2352 primarium

157 2350 284 2391 dempta
305 2353 425 2384 actione
452 2353 532 2384 Solis
552 2354 585 2384 in
606 2353 767 2384 satellitem
779 2367 789 2393 3
811 2361 843 2385 et
858 2355 892 2384 in
907 2364 982 2385 con-

152 2394 314 2434 junctione
335 2405 371 2425 ea
390 2396 522 2427 mutatio
540 2397 654 2435 pendet
667 2407 704 2426 ex
719 2397 842 2428 residuo
856 2396 982 2428 actionis
1002 2428 1005 2437 ὲ

1004 2438 1007 2442 ’
1029 2438 1108 2469 Solis
1121 2440 1160 2470 ab
1173 2439 1239 2478 ipso
1253 2439 1342 2470 Jove.

160 2436 239 2467 Solis
263 2437 296 2467 in
318 2437 480 2468 satellitem
497 2437 623 2477 dempti?⁴
644 2439 723 2470 Solis
741 2439 860 2470 actione
873 2439 906 2469 in
920 2440 982 2478 pri-

157 2479 307 2509 marium:
333 2479 405 2509 cum
419 2490 493 2521 ergo
507 2481 586 2511 actio
603 2481 682 2511 Solis
696 2482 729 2511 in
743 2482 886 2512 satellites
904 2482 933 2512 L
952 2488 983 2512 et

157 2520 179 2557 l,
202 2520 242 2551 sit
262 2520 389 2559 eadem3
411 2523 465 2552 sed
480 2523 559 2554 actio
575 2523 655 2554 Solis
674 2523 708 2554 in
726 2523 907 2563 primarium
921 2524 933 2553 i
948 2524 983 2555 fit

156 2562 260 2593 minor
285 2562 380 2603 quam
405 2564 439 2594 in
464 2565 645 2605 primarium
671 2566 700 2604 1,
730 2567 764 2596 in
791 2566 982 2606 oppositione

156 2604 262 2635 minus
275 2611 320 2635 est
338 2606 493 2642 residuum
514 2607 599 2647 quod
616 2609 820 2639 mutationem
838 2608 936 2648 pariet
949 2609 982 2638 in

157 2647 255 2678 orbita
283 2647 421 2678 satellitis
443 2649 482 2685 L,
502 2648 597 2691 quam
615 2650 773 2681 residuum
801 2651 885 2692 quod
911 2661 982 2681 mu-

156 2689 304 2720 tationem
333 2690 471 2721 satellitis
498 2692 511 2722 l
538 2692 618 2731 parit
644 2693 679 2723 in
709 2692 818 2730 orbita,
833 2710 835 2714 Α
851 2698 883 2724 et
915 2703 981 2724 ma-

151 2732 207 2773 jus
227 2741 245 2762 e
265 2737 371 2762 contra
393 2738 439 2763 est
456 2733 614 2764 residuum
636 2735 670 2765 in
694 2735 910 2776 conjunctione
934 2746 982 2766 re-

157 2779 263 2813 spectu
282 2775 387 2804 orbitae
408 2775 545 2806 satellitis
568 2777 597 2807 L
619 2777 714 2818 quam
737 2784 877 2817 respectu
900 2779 982 2808 orbi-

150 2821 200 2846 tn
223 2816 362 2847 satellitis
385 2817 416 2855 l;
445 2817 500 2848 sed
522 2818 578 2848 illa
602 2819 724 2850 residua
748 2826 812 2850 tam
832 2820 866 2850 in
887 2830 983 2859 oppo-

148 2857 268 2889 sitione
289 2857 384 2899 quam
406 2860 440 2889 in
464 2860 679 2899 conjunctione
701 2862 764 2892 vim
786 2863 983 2901 centripetam

157 2898 324 2938 minuunt;
348 2911 422 2942 ergo
438 2902 484 2932 vis
497 2903 664 2942 centripeta
676 2905 774 2945 major
787 2911 892 2935 manet
905 2905 938 2934 in
952 2905 984 2935 R

159 2940 252 2981 quam
266 2943 300 2972 in
317 2943 356 2978 B,
373 2950 404 2974 et
417 2944 519 2974 minor
532 2954 550 2974 e
564 2951 670 2975 contr-a
683 2946 715 2975 iu
739 2947 768 2977 P
781 2946 875 2986 quam
890 2947 923 2976 in
942 2949 982 2983 A,

158 2983 244 3031 unde
263 2990 346 3024 patet
365 2986 447 3026 quod
466 2993 504 3017 ut
521 2987 697 3018 restituant
715 2988 883 3019 similitudo
901 2989 982 3019 inter

159 3026 289 3057 orbitam
301 3028 439 3060 satellitis
453 3029 492 3068 L,
508 3034 540 3060 et
553 3028 682 3061 orbitam
695 3030 833 3061 satellitis
845 3031 858 3061 l
871 3041 981 3070 corpus

1804 211 1863 266 εἰ]

1038 326 1172 357 cents-ale
1193 326 1302 357 debeat
1325 329 1474 359 removeri
1495 341 1514 360 a
1538 337 1653 368 puncto
1676 332 1708 362 R
1725 337 1757 363 et
1773 343 1861 363 acce-

1038 367 1110 398 dere
1123 378 1227 399 versus
1243 370 1281 406 P,
1299 370 1358 400 hoc
1379 377 1425 400 est
1443 372 1596 402 transferri
1611 383 1648 404 ex
1668 373 1680 404 i
1700 384 1805 404 versus
1820 374 1839 405 1
1847 387 1860 412 ς

1038 410 1082 440 ita
1100 418 1137 441 ut
1156 418 1297 442 centrum
1315 412 1421 442 orbitae
1443 413 1578 444 satellitis
1594 416 1622 446 L
1636 416 1783 447 remotius
1796 427 1862 448 esse

1039 452 1148 483 debeat
1161 464 1179 483 a
1196 454 1268 484 Sole
1281 453 1375 494 quam
1390 455 1486 493 ipsius
1498 465 1608 493 corpus
1622 458 1764 489 centrale.

1080 495 1156 526 Jam
1183 494 1254 526 vera
1281 496 1351 526 dico
1378 496 1457 527 illud
1484 506 1595 535 corpus
1615 500 1751 530 centrale
1772 500 1812 531 sd
1841 501 1861 532 1

1039 537 1194 567 transferri
1215 538 1334 574 debere,
1358 548 1431 569 uam
1451 539 1491 568 sit
1510 548 1621 577 corpus
1635 542 1767 572 centrale
1779 543 1814 572 in
1829 543 1861 581 I,

1039 579 1157 610 semota
1175 579 1254 610 Solis
1274 581 1402 617 actione,
1426 580 1545 611 satelles
1561 581 1590 610 L
1604 581 1711 611 eodem
1725 590 1863 623 tempore

1037 622 1194 660 periodica
1213 633 1249 652 ac
1269 623 1354 661 prius
1374 623 1522 653 describet
1541 622 1673 661 ellipdm
1688 625 1776 664 cujus
1789 636 1862 656 cen..

1037 669 1122 693 trum
1142 665 1162 700 i,
1188 665 1276 696 focus
1296 664 1366 696 vero
1387 665 1405 695 1
1427 671 1458 695 et
1478 664 1545 695 axis
1563 664 1660 705 major
1684 666 1715 695 R
1732 666 1768 701 P,
1793 670 1862 707 (per

1040 705 1112 737 cor.
1137 705 1228 745 Prop-
1246 707 1322 737 XV.
1350 707 1422 738 Lib.
1447 706 1496 746 Ι.)
1525 712 1558 737 et
1578 707 1612 737 in
1634 707 1780 737 mediocri
1804 710 1862 740 sua

1036 747 1182 789 distantia
1202 750 1220 779 1
1238 750 1272 785 Q
1291 750 1381 791 (Cor.
1408 753 1439 780 4.
1465 749 1558 788 Prop.
1587 749 1685 780 XVI.
1717 750 1787 780 Lib.
1813 751 1860 791 1.)

1037 789 1228 820 velocitatem
1242 792 1382 822 eamdem
1395 791 1518 822 habebit
1530 801 1624 831 quam
1639 792 1730 822 habet
1743 793 1862 823 satelles

1037 831 1051 861 1
1069 833 1102 861 in
1123 842 1181 863 suo
1201 833 1325 871 circulo,
1347 834 1469 875 qualern
1489 844 1516 863 v.
1535 844 1581 874 gr.
1599 835 1690 864 habet
1708 834 1742 864 in
1766 835 1792 865 C
1807 836 1862 865 ubi

1037 873 1233 905 velocitatum
1260 876 1384 906 illarum
1407 876 1588 906 directiones
1611 882 1686 906 sunt
1708 877 1862 915 parallelae

1034 922 1102 946 um
1120 918 1201 947 inter
1221 929 1253 948 se
1271 917 1364 959 quarn
1379 918 1528 948 diametro
1545 919 1576 948 R
1593 918 1631 955 P,
1643 924 1678 948 et
1691 920 1732 949 ob
1746 919 1861 949 distan-

1037 958 1151 989 tiarum
1174 960 1191 990 1
1210 961 1244 996 Q
1262 969 1293 990 et
1315 962 1332 991 1
1351 961 1377 991 C
1400 961 1604 1001 aequalitatem
1622 960 1700 990 vires
1713 962 1861 992 centrales

1036 1008 1110 1031 sunt
1129 1003 1260 1042 aequales
1276 1003 1451 1033 directionis
1465 1003 1642 1043 obliquitate
1657 1002 1785 1042 paulum
1799 1003 1859 1033 dif-

1033 1043 1186 1075 ferentes:
1221 1045 1351 1076 addatur
1370 1045 1436 1085 jam
1459 1045 1541 1075 actio
1567 1045 1656 1082 Solis,
1676 1051 1707 1075 et
1728 1045 1800 1075 cum
1822 1047 1862 1076 sit

1039 1086 1112 1122 SQ
1133 1087 1256 1118 adsc
1283 1094 1318 1117 ut
1346 1089 1391 1118 Si
1412 1087 1526 1118 adSI
1546 1087 1680 1117 actiones
1699 1087 1760 1117 illae
1783 1087 1862 1118 Solis

1037 1130 1091 1169 (ex
1110 1129 1195 1169 Hyp.
1214 1136 1244 1160 et
1267 1129 1493 1168 demonstratis)
1516 1129 1548 1159 iu
1571 1129 1715 1159 satellites
1733 1129 1861 1160 diversae

1034 1171 1198 1212 gravitatis,
1225 1172 1279 1202 sed
1303 1173 1415 1211 positos
1436 1172 1469 1201 in
1496 1173 1529 1207 Q
1552 1178 1583 1202 et
1610 1172 1636 1202 C
1655 1179 1747 1202 erunt
1768 1173 1861 1202 etiam

1036 1214 1182 1253 aequales;
1199 1216 1370 1244 movebitur
1383 1224 1457 1255 ergo
1472 1214 1591 1244 satelles
1606 1215 1635 1244 L
1652 1215 1685 1244 in
1698 1213 1860 1245 mediocri-

1034 1257 1093 1285 bus
1107 1256 1256 1287 distantiis
1273 1257 1306 1292 Q
1324 1262 1355 1286 et
1376 1257 1404 1287 T
1415 1263 1455 1287 -ut
1468 1256 1588 1286 satelles
1601 1257 1614 1286 l
1628 1262 1768 1286 movetur
1781 1257 1815 1286 in
1832 1257 1859 1288 C

1035 1304 1066 1328 et
1082 1299 1115 1328 D
1136 1309 1229 1340 quam
1248 1298 1395 1338 proxime,
1416 1306 1480 1329 tam
1502 1299 1618 1329 ratione
1637 1298 1771 1336 corporis
1788 1309 1860 1329 cen-

1034 1340 1118 1370 tralis
1137 1342 1153 1372 I
1174 1340 1269 1381 quam
1292 1342 1383 1372 etiam
1406 1352 1443 1371 ex
1463 1341 1609 1382 adjuncta
1627 1341 1747 1371 actione
1770 1341 1859 1378 Solis,

1034 1384 1218 1414 mutationes
1232 1383 1303 1414 νει-ὀ
1317 1394 1354 1414 ex
1369 1384 1442 1416 Sole
1456 1383 1624 1424 pendentes
1638 1384 1671 1413 in
1685 1384 1714 1412 A
1730 1389 1761 1413 et
1778 1383 1814 1418 P,
1828 1392 1860 1414 et

1028 1424 1066 1454 'in
1091 1426 1123 1456 R
1144 1432 1175 1456 et
1196 1427 1226 1456 B
1248 1428 1380 1467 :equales
1400 1434 1482 1463 sunt,
1502 1427 1575 1467 quia
1595 1432 1668 1458 sunt
1686 1425 1859 1457 differentia

1032 1467 1169 1507 ejusdem
1185 1469 1229 1498 vis
1245 1470 1324 1500 Solis
1338 1470 1370 1499 in
1387 1470 1404 1500 Ῑ
1417 1476 1451 1500 et
1464 1469 1575 1499 virium
1592 1470 1671 1500 Solis
1685 1470 1718 1499 in
1732 1469 1763 1499 A
1774 1475 1806 1499 et
1818 1470 1856 1506 P,

1033 1515 1069 1539 ut
1083 1516 1114 1540 et
1127 1511 1238 1540 virium
1256 1512 1334 1541 Solis
1348 1512 1381 1541 in
1403 1512 1433 1542 R
1447 1518 1478 1542 et
1501 1511 1541 1549 P,
1564 1512 1642 1542 vires
1655 1517 1760 1542 autem
1774 1512 1807 1540 in
1826 1513 1856 1541 A

1032 1557 1064 1580 et
1081 1552 1109 1582 P
1121 1558 1193 1583 sunt
1207 1554 1339 1593 aequales
1352 1564 1389 1584 ex
1407 1554 1494 1593 Hyp.
1509 1560 1541 1584 et
1553 1554 1635 1584 dem.
1647 1559 1723 1584 utet
1737 1553 1769 1582 in
1785 1554 1815 1584 R
1827 1559 1858 1584 et

1031 1592 1076 1625 Β.
1123 1594 1215 1625 Unde
1229 1595 1301 1626 cum
1316 1596 1361 1626 vis
1374 1596 1510 1635 primarii
1525 1606 1639 1636 magna
1652 1595 1805 1626 censenda
1818 1596 1858 1626 sit

1029 1644 1171 1675 respectu
1195 1638 1240 1667 vis
1267 1638 1309 1675 S;
1330 1638 1463 1668 rationes
1483 1638 1598 1668 virium
1620 1638 1858 1676 centripetarum

1031 1678 1222 1709 residuarum
1242 1680 1274 1709 in
1299 1681 1328 1710 P
1342 1687 1373 1710 et
1389 1681 1429 1716 A,
1449 1681 1478 1711 Β
1498 1686 1530 1710 et
1553 1681 1580 1710 R
1593 1686 1722 1710 manent
1734 1680 1858 1710 interse

1027 1719 1064 1749 in
1079 1721 1185 1751 eadem
1206 1722 1323 1752 ratione
1337 1733 1372 1752 ac
1386 1723 1412 1752 si
1427 1723 1514 1752 nulla
1527 1722 1606 1752 foret
1619 1722 1699 1752 actio
1716 1722 1803 1758 Solis,
1827 1727 1858 1752 et

1030 1769 1068 1793 ut
1089 1763 1205 1794 semota
1218 1765 1338 1795 actione
1355 1765 1434 1795 Solis
1448 1775 1556 1795 curvas
1570 1775 1641 1795 suas
1654 1763 1763 1794 iisdem
1779 1770 1858 1794 tem-

1030 1806 1154 1843 poribus
1174 1806 1343 1837 describere
1366 1808 1528 1844 faciebant,
1555 1807 1707 1837 celeritate
1732 1806 1858 1846 quidem

1028 1848 1135 1888 majori
1150 1848 1183 1877 in
1201 1849 1238 1885 P,
1255 1849 1367 1879 minori
1377 1850 1414 1879 iu
1433 1850 1472 1885 R,
1488 1849 1590 1879 media
1600 1848 1672 1880 vero
1686 1849 1720 1878 in
1732 1851 1761 1878 A
1774 1855 1805 1879 et
1817 1849 1856 1884 B,

1025 1889 1132 1930 itaque
1143 1890 1249 1921 eadem
1260 1891 1398 1931 proxime
1408 1892 1446 1923 iis
1457 1892 1490 1921 in
1501 1891 1623 1931 punctis
1633 1890 1770 1921 manebit
1779 1891 1858 1920 ratio

1029 1931 1240 1971 descriptionis
1251 1944 1431 1971 curvarum;
1447 1933 1519 1964 ciim
1532 1944 1606 1974 ergo
1614 1933 1857 1963 demonstratum

1028 1974 1068 2004 sit
1075 1975 1159 2015 quod
1169 1975 1201 2005 in
1211 1976 1333 2014 punctis
1350 1976 1377 2006 P
1386 1977 1458 2012 ΩΒ,
1467 1977 1505 2012 T,
1525 1977 1555 2006 A
1567 1977 1592 2007 C
1603 1977 1631 2006 B
1643 1976 1675 2006 D
1684 1976 1764 2005 actio
1777 1975 1857 2005 Solis

1028 2026 1091 2046 non
1106 2019 1207 2048 tuaebet
1220 2018 1398 2048 relationem
1418 2029 1488 2059 quae
1507 2018 1668 2048 intercedit
1688 2018 1768 2046 inter
1788 2026 1856 2046 mo-

1027 2058 1104 2089 dum
1119 2070 1181 2099 quo
1192 2070 1292 2091 curvae
1303 2060 1365 2090 illae
1382 2061 1411 2090 P
1425 2061 1458 2096 Q
1471 2061 1502 2090 R
1515 2061 1554 2096 T,
1568 2061 1597 2090 A
1613 2060 1639 2090 C
1651 2059 1680 2089 B
1695 2059 1727 2089 D
1742 2058 1855 2088 descri-

1027 2102 1153 2139 buntur,
1168 2101 1241 2132 cum
1256 2103 1368 2133 virium
1382 2103 1516 2133 rationes
1530 2101 1646 2132 eaedem
1660 2107 1806 2131 maneant
1819 2111 1856 2131 ac

1025 2143 1113 2182 prius
1123 2144 1366 2184 quamproxime,
1383 2144 1466 2175 idem
1476 2145 1567 2175 etiam
1577 2143 1616 2173 de
1624 2143 1748 2183 punctis
1761 2143 1855 2173 inter-

1027 2185 1137 2215 mediis
1150 2186 1207 2216 erit
1220 2186 1466 2227 intelligendum.
1513 2185 1608 2216 Unde
1621 2186 1758 2226 sequitur
1771 2185 1855 2225 quod

1026 2227 1147 2258 satelles
1161 2228 1192 2258 L
1206 2228 1239 2258 in
1253 2228 1352 2259 orbita
1368 2229 1396 2259 P
1415 2229 1449 2264 Q
1461 2229 1492 2259 R
1505 2229 1534 2258 T
1547 2228 1662 2258 revolvi
1676 2228 1788 2267 poterit
1801 2238 1853 2257 eo-

1027 2268 1100 2300 dem
1121 2276 1257 2309 tempore
1277 2271 1446 2310 iisdemque
1462 2270 1603 2309 proxime
1622 2270 1743 2310 legibus
1756 2279 1792 2299 ac
1806 2280 1853 2299 sa-

1027 2311 1115 2342 telles
1130 2311 1160 2342 L
1176 2313 1212 2342 in
1223 2311 1323 2343 orbita
1342 2312 1400 2343 sua
1423 2313 1454 2343 A
1473 2312 1501 2344 C
1515 2313 1544 2343 B
1561 2313 1605 2350 D,
1628 2313 1654 2342 si
1675 2313 1795 2353 gravior
1815 2312 1855 2341 sit

1026 2353 1105 2385 Jove
1119 2354 1241 2393 paribus
1255 2355 1288 2385 in
1298 2352 1447 2385 distantiis
1455 2354 1489 2384 in
1499 2347 1616 2386 rati‘one
1627 2351 1783 2393 duplicata
1792 2354 1854 2383 dis-

1026 2396 1132 2426 tantiae
1155 2393 1235 2427 Solis
1256 2408 1274 2427 a
1295 2403 1400 2428 centro
1419 2406 1484 2427 suae
1502 2397 1610 2428 orbitze
1622 2397 1664 2427 ad
1678 2396 1853 2426 distantiam

1391 2439 1431 2475 Q.
1449 2450 1477 2470 e.
1495 2439 1526 2470 d.

1071 2481 1224 2511 Eamdem
1247 2481 1537 2512 demonstrationem
1551 2480 1697 2520 applicari
1711 2490 1798 2519 posse
1812 2479 1853 2511 ad

1026 2533 1132 2553 casnm
1164 2524 1218 2554 ubi
1246 2524 1366 2554 satelles
1401 2530 1623 2563 supponeretur
1651 2523 1746 2553 levior
1773 2523 1854 2554 Jove

1026 2565 1150 2604 paribus
1163 2566 1197 2596 in
1211 2566 1369 2604 distantiis,
1383 2566 1533 2606 illumque
1543 2571 1618 2596 tunc
1629 2565 1854 2604 descripturum

1026 2607 1160 2647 ellipsim
1180 2609 1270 2649 cujus
1291 2615 1431 2639 centrum
1455 2608 1526 2638 Sole
1544 2608 1674 2638 vicinius
1689 2607 1746 2637 erit
1759 2606 1853 2647 quam

1025 2650 1159 2689 Jupiter,
1182 2651 1226 2681 ita
1245 2657 1283 2681 ut
1303 2652 1342 2682 sit
1363 2651 1495 2691 gravitas
1516 2649 1653 2680 satellitis
1666 2649 1706 2680 ad
1719 2650 1854 2690 gravita-

1026 2698 1090 2723 tem
1111 2693 1198 2724 Jovis
1214 2693 1247 2723 in
1266 2692 1423 2733 duplicata
1443 2692 1560 2723 ratione
1574 2692 1725 2722 distantiae
1740 2692 1819 2722 Solis
1833 2703 1854 2722 a

1024 2741 1128 2766 centro
1149 2735 1255 2766 orbitae
1275 2736 1315 2766 ad
1335 2735 1511 2766 distantiam
1534 2734 1613 2766 Solis
1631 2745 1651 2765 a
1667 2731 1756 2766 Jove.¹
1806 2735 1848 2770 Q.

1023 2776 1154 2808 alterum
1168 2788 1195 2808 e.
1213 2777 1244 2808 d.
1655 2783 1657 2785 '
1748 2815 1751 2818 Δ

1069 2819 1145 2850 Hac
1165 2821 1282 2850 ratione
1301 2820 1373 2851 satis
1389 2826 1527 2851 constare
1541 2825 1688 2850 assertum
1704 2816 1850 2849 Newtoni

1027 2862 1191 2899 credimus,
1215 2862 1297 2892 idem
1316 2869 1420 2893 tamen
1442 2863 1530 2893 aliter
1548 2864 1623 2893 inito
1646 2863 1762 2893 calculo
1784 2871 1850 2890 ma·

1025 2905 1074 2944 gis
1093 2904 1132 2935 ad
1151 2911 1285 2934 mentem
1308 2904 1453 2935 Newtoni
1472 2904 1669 2935 demonstrari
1684 2914 1772 2943 posse
1786 2913 1849 2933 non
1889 2908 1894 2911 ’

1025 2956 1194 2987 negamus;
1217 2946 1271 2976 sed
1291 2948 1461 2977 ratio·eum
1483 2946 1637 2977 calculum
1651 2946 1789 2980 ineundi,
1812 2955 1850 2975 ex

1023 2988 1061 3018 iis
1081 2999 1150 3028 quoe
1176 2995 1280 3027 postea
1301 2988 1340 3019 de
1365 2989 1499 3021 motibus
1515 2989 1674 3020 lunaribus
1697 2988 1848 3023 dicentur.

1024 3031 1080 3061 erit
1094 3030 1282 3061 deducenda.
