2092 3470
187 219 270 257 250
515 209 868 263 INQUISITIO
899 210 1171 255 PHYSICA
1201 210 1268 253 IN
1300 210 1558 254 CAUSAM

186 331 301 386 cujus
322 328 542 384 explicatio
560 342 662 370 mox
681 328 778 370 satis
797 326 976 370 dilucide
998 336 1059 369 est
1079 327 1283 369 subversa.
1347 329 1543 382 Superest
1562 327 1740 383 denique
1765 327 1889 368 New-

185 403 273 444 toni
307 402 479 452 theoria,
511 414 604 457 quae
639 400 802 442 nemine
837 400 1143 442 contradicente
1181 399 1465 454 phaenomenis
1498 399 1629 441 multo
1662 400 1793 456 magis
1828 406 1890 440 est

186 483 485 516 consentanea:
523 485 565 516 at
588 475 632 515 in
660 489 709 516 ea
736 473 780 515 id
810 474 944 528 ipsum
973 472 1086 528 quod
1115 471 1196 514 hoc
1224 472 1317 513 loco
1346 472 1557 527 quaerstur,
1587 487 1708 513 causa
1737 471 1891 512 scilicet

183 548 366 605 physica,
398 563 483 590 non
512 549 755 605 assignatur,
788 546 861 587 sed
889 544 1027 600 potius
1059 545 1113 586 ad
1142 544 1356 600 qualitates
1391 544 1571 585 occultas
1605 544 1750 586 referri
1777 543 1891 586 vide·
1944 539 1948 542 ⁴

184 628 277 670 tur3
307 620 473 661 interim
501 626 639 661 tamen
667 633 721 660 ne
749 617 840 658 haec
870 616 1037 672 quidem
1066 615 1227 657 theoria
1255 615 1352 657 satis
1379 622 1442 656 est
1461 615 1636 664 evoluta,
1665 622 1712 656 ut
1731 614 1783 656 de
1803 616 1891 671 ejus

187 691 271 732 sive
303 704 506 732 consensu
539 689 624 731 sive
657 688 845 731 dissensu
881 701 976 728 cum
1006 685 1359 728 observationibus
1387 684 1592 741 judicium
1626 684 1722 727 satis
1757 693 1892 727 tutum

185 760 283 803 ferri
307 770 442 817 queat.

241 837 272 887 §.
299 839 339 875 6.
377 831 486 875 Cum
519 832 646 889 igitur
677 832 851 874 dubium
886 832 937 873 sit
971 833 1144 883 nullum,
1176 832 1276 888 quin
1304 830 1446 873 fluxus
1474 846 1523 873 ac
1549 829 1735 873 refluxus
1766 829 1893 871 maris

185 920 309 951 causa
337 905 381 946 in
410 904 566 946 viribus
596 903 775 945 externis
805 911 845 944 et
873 903 1051 945 realibus
1083 904 1134 945 sit
1161 904 1308 958 posita,
1340 901 1434 959 quae
1463 903 1496 944 si
1523 909 1740 953 cessarent,
1772 899 1894 942 simul

184 978 310 1017 aestus
328 974 453 1016 maris
473 988 573 1015 mox
593 980 866 1023 evanesceret,
898 973 970 1015 ubi
998 974 1152 1015 lateant
1178 973 1245 1014 hae
1263 973 1369 1015 vires
1392 981 1433 1014 et
1452 973 1661 1029 quomodo
1682 973 1764 1013 sint
1781 985 1895 1013 com-

187 1055 344 1103 paratae
370 1043 633 1101 potissimum
661 1045 781 1086 nobis
801 1045 879 1087 erit
898 1046 1203 1100 explicandum,
1234 1045 1314 1086 hoc
1334 1046 1444 1087 enim
1465 1053 1527 1087 est
1545 1045 1588 1086 id
1609 1046 1759 1101 ipsum,
1782 1042 1895 1101 quod

187 1119 454 1162 celeberrima
470 1118 699 1160 Academia
721 1118 994 1160 Scientiarum
1017 1118 1153 1175 Regia
1173 1118 1215 1159 in
1232 1118 1459 1174 quaestione
1478 1116 1689 1172 proposita
1710 1116 1893 1173 requirit.

187 1190 336 1246 Neque
369 1187 468 1230 vero
502 1188 610 1230 vires
643 1187 932 1229 tantummodo
966 1188 1168 1230 indicasse
1209 1188 1393 1238 sufficiet,
1429 1187 1577 1229 verum
1615 1186 1816 1243 praeterea
1851 1187 1896 1228 id

185 1261 364 1305 maxime
399 1262 477 1304 erit
509 1262 837 1312 monstrandum,
868 1262 1077 1318 quomodo
1106 1263 1194 1304 istae
1224 1263 1330 1303 vires
1359 1269 1496 1318 agant,
1527 1269 1650 1317 atque
1677 1261 1754 1303 hos
1782 1262 1894 1316 ipsos

186 1333 366 1384 effectus,
399 1347 503 1389 quos
523 1333 804 1382 observamus,
826 1347 912 1373 non
931 1331 1031 1374 vero
1052 1333 1153 1374 alios
1172 1333 1430 1387 producant3
1461 1332 1506 1372 in
1532 1331 1615 1372 hoc
1642 1331 1750 1372 enim
1771 1331 1895 1372 totius

185 1403 423 1460 quaestionis
454 1403 592 1454 cardo,
626 1403 911 1458 explicationis
942 1403 1097 1445 scilicet
1132 1404 1404 1454 confirmatio,
1440 1403 1625 1445 vertitur.
1687 1402 1896 1452 Quoniam

186 1484 325 1517 autem
345 1474 590 1530 plerumque
615 1474 804 1529 pluribus
824 1474 980 1516 viribus
1001 1474 1285 1532 excogitandis
1311 1475 1420 1516 idem
1441 1474 1745 1529 phaenomenon
1766 1473 1896 1529 expli-

185 1550 270 1592 cari
290 1557 438 1605 potest,
461 1548 641 1591 studium
662 1548 943 1590 adhibendum
964 1557 1027 1590 est
1046 1563 1252 1590 summum
1278 1549 1320 1590 in
1349 1548 1428 1589 hac
1456 1548 1733 1605 indagatione,
1763 1561 1817 1588 ne
1836 1547 1890 1588 ad

184 1624 291 1665 vires
321 1623 463 1664 inanes
494 1631 616 1679 atque
649 1623 911 1679 imaginarias
943 1624 1195 1674 delabamur,
1233 1637 1326 1680 quae
1359 1624 1403 1664 in
1437 1622 1594 1664 mundo
1624 1637 1758 1677 neque
1799 1629 1898 1663 sunt

186 1709 320 1749 neque
340 1693 484 1735 -locum
514 1693 667 1734 habere
695 1701 882 1748 possunt.
944 1694 1100 1735 Parum
1121 1694 1231 1735 enim
1252 1693 1431 1735 scientiae
1451 1692 1625 1733 naturali
1655 1691 1888 1742 consulunt,

186 1764 256 1822 qui
277 1765 422 1820 quovis
441 1764 717 1819 phaenomeno
737 1764 877 1806 oblato
898 1765 975 1805 sibi
995 1780 1073 1820 pro
1093 1765 1264 1807 arbitrio
1278 1765 1423 1806 mundi
1445 1772 1696 1806 structuram
1716 1764 1896 1819 peculia-

186 1851 273 1878 rem
299 1835 513 1892 effingunt,
543 1850 678 1892 neque
699 1844 794 1877 sunt
814 1836 988 1886 solliciti,
1019 1835 1158 1894 utrum
1179 1852 1227 1878 ea
1247 1852 1466 1894 compages
1487 1852 1582 1878 cum
1602 1837 1690 1877 aliis
1716 1836 1889 1890 phaeno-

185 1908 320 1951 menis
346 1907 568 1951 consistere
597 1915 733 1962 queat,
765 1921 818 1948 an
849 1906 945 1948 vero
967 1906 1097 1948 secus.
1161 1907 1290 1957 Quod
1311 1907 1344 1948 si
1365 1907 1474 1948 enim
1497 1908 1585 1962 jam
1606 1906 1771 1947 aliunde
1794 1921 1897 1948 con-

186 1990 265 2021 stet
285 1979 460 2020 existere
480 1979 522 2019 in
542 1977 700 2019 mundo
721 1977 919 2033 ejusmodi
940 1977 1060 2027 vires,
1079 1992 1171 2033 quae
1192 1978 1331 2019 oblato
1347 1977 1509 2019 effectui
1528 1976 1797 2032 producendo
1813 1978 1896 2019 sint

186 2064 318 2104 pares,
342 2047 492 2090 frustra
511 2063 634 2090 omne
654 2047 836 2090 studium
857 2048 900 2088 in
916 2048 1215 2104 conquisitione
1233 2048 1379 2089 virium
1393 2062 1595 2088 novarum
1611 2047 1893 2089 collocabitur.

241 2124 272 2173 ᾗ.
296 2125 334 2164 7.
368 2119 579 2169 Quoniam
599 2128 737 2161 autem
758 2119 811 2160 ad
832 2133 998 2160 causam
1019 2119 1215 2175 cujusque
1235 2119 1499 2174 phaenomeni
1519 2118 1806 2175 detegendam,
1837 2119 1889 2161 ad

191 2190 371 2247 singulas
401 2190 727 2231 circumstantias
758 2189 902 2231 sedule)
931 2190 1142 2231 attendere
1171 2205 1337 2232 necesse
1366 2199 1439 2240 est,
1473 2197 1566 2231 ante
1587 2190 1727 2230 omnia
1746 2190 1894 2231 mirifi-

185 2276 277 2302 cum
313 2275 559 2302 consensum
593 2260 717 2302 aesti‘is
753 2261 877 2302 maris
911 2275 1006 2302 cum
1036 2269 1152 2303 motu
1188 2261 1322 2303 Lunae
1357 2260 1626 2315 contemplari
1660 2261 1893 2302 conveniet.

189 2330 290 2372 Non
318 2330 452 2374 solum
482 2333 592 2374 enim
621 2333 793 2390 insignis
821 2333 1040 2375 harmonia
1059 2335 1166 2376 inter
1186 2343 1333 2376 aestum
1351 2335 1490 2385 maris,
1513 2349 1561 2375 ac
1582 2333 1715 2375 Lunae
1734 2341 1894 2375 motum

187 2403 381 2446 diurnum
409 2404 745 2460 deprehenditur,
776 2405 849 2446 sed
878 2405 1001 2447 etiam
1031 2406 1232 2447 revolutio
1263 2405 1459 2462 synodica
1477 2412 1666 2460 respectu
1688 2404 1795 2446 Solis
1824 2405 1888 2446 in-

187 2485 354 2532 gentem
383 2478 505 2522 affert
530 2478 781 2520 varietatem.
844 2478 1004 2521 Omnes
1033 2479 1212 2535 denique
1240 2480 1545 2521 observationes
1572 2477 1736 2519 abunde
1756 2478 1893 2521 decla-

186 2556 280 2588 rant
298 2548 499 2589 rationem
518 2548 656 2590 fluxus
686 2556 727 2590 et
755 2549 938 2590 refluxus
959 2551 1085 2591 maris
1105 2565 1129 2599 a
1149 2551 1230 2592 situ
1251 2548 1344 2592 clim
1376 2550 1512 2591 Lunae
1531 2556 1619 2591 tum
1640 2549 1762 2590 etiam
1786 2549 1903 2599 Solis>

188 2618 440 2673 conjunctim
467 2619 672 2673 pendere:
710 2635 762 2661 ex
793 2635 876 2676 quo
906 2621 1042 2662 statim
1070 2636 1204 2676 prono
1232 2621 1461 2663 ratiocinio
1477 2621 1752 2676 consequitur,
1783 2622 1891 2664 vires

185 2688 276 2730 illas
297 2698 445 2731 aestum
464 2690 589 2731 maris
608 2690 896 2745 producentes,
920 2706 1176 2748 quaecunque
1196 2692 1319 2733 etiam
1339 2692 1433 2742 sint,
1456 2689 1551 2732 cum
1573 2691 1738 2733 Lunam
1762 2691 1890 2746 potis-

187 2757 349 2809 simum,
381 2758 472 2801 tum
500 2757 599 2801 vero
620 2760 743 2802 etiam
776 2761 914 2803 Solem
935 2762 1139 2816 respicere
1160 2761 1321 2803 debere.
1385 2761 1669 2810 Quamobrem
1689 2760 1888 2815 imprimis

186 2830 306 2871 nobis
328 2832 406 2873 erit
425 2832 732 2888 inquirendum,
755 2840 893 2874 utrum
915 2834 1116 2888 ejusmodi
1136 2834 1240 2875 vires
1263 2834 1402 2875 Solem
1423 2842 1464 2875 et
1485 2834 1649 2875 Lunam
1670 2833 1888 2887 respicien-

186 2910 261 2950 tes,
299 2916 392 2956 quae
427 2904 471 2943 in
503 2903 618 2959 aquis
652 2903 777 2945 talem
811 2903 1013 2954 effectum,
1052 2904 1182 2959 qualis
1221 2912 1282 2945 est
1320 2913 1442 2946 aestus
1480 2905 1617 2955 maris,
1658 2903 1887 2958 producere

188 2978 354 3026 queant,
379 2972 474 3026 jure
504 2988 552 3014 ac
581 2973 739 3016 ratione
769 2974 894 3016 statui
921 2974 1091 3028 possint,
1123 2988 1176 3015 an
1206 2973 1334 3016 secus.
1399 2975 1466 3017 Ac
1487 2974 1521 3016 si
1549 2974 1735 3029 pluribus
1755 2973 1888 3015 modis

190 3043 418 3086 istiusmodi
458 3045 564 3086 vires
599 3046 737 3088 animo
776 3045 993 3101 concipere
1031 3045 1164 3098 liceat,
1206 3045 1424 3104 diligenter
1458 3046 1536 3088 erit
1574 3044 1885 3101 dispiciendum,
