2092 3470
0 2246 8 2274 -ι-
0 2107 20 2226 -Ἃῒ»ῌ
0 2039 8 2052 u

173 237 319 280 Lmen
333 237 570 288 Tamna]
612 233 934 280 PRINCIPIA
962 235 1454 284 MATHEMA‘rrcA.
1738 211 1742 227 ’
1806 250 1860 288 53

164 351 245 394 situ
264 350 446 392 umbilici
464 349 573 392 illius
594 348 775 392 deviabit
792 348 891 391 hinc
909 349 1007 391 inde
1018 366 1052 392 -a
1070 351 1218 394 Terra.
1277 353 1388 395 Haec
1407 363 1470 396 est
1486 355 1649 400 libratio
1669 356 1803 400 Lunae
1817 359 1861 399 in

163 421 486 479 longitudinem:
519 419 629 463 Nam
645 417 696 474 (¹)
711 418 877 462 libratio
895 421 940 463 in
958 421 1216 465 latitudinem
1235 431 1326 465 orta
1345 434 1407 466 est
1426 441 1480 466 ex
1496 427 1711 471 latitudine
1726 429 1862 471 Lunae

164 503 207 537 et
226 493 487 536 inclinatione
515 493 605 534 axis
633 493 720 548 ejus
749 493 802 534 ad
830 491 1002 548 planum
1031 494 1244 550 eclipticaess
1305 496 1434 538 Hanc
1460 497 1686 541 librationis
1705 501 1861 544 lunaris

163 564 364 608 theoriam
393 567 445 620 (Β)
475 565 534 608 D.
556 563 612 606 N.
634 564 848 607 Mercator
866 565 911 607 in
930 564 1197 609 Astronomifi
1220 565 1318 617 Sua,
1348 568 1466 610 initio
1486 570 1584 610 anni
1607 575 1713 614 1676
1735 572 1858 624 edita,

162 718 272 740 mense
282 707 438 747 periodico
450 707 569 739 restitui
581 708 782 741 manifestum
794 715 851 748 est,
865 710 990 753 quando

164 750 277 791 nempe
286 751 381 781 Luna
394 751 427 780 in
437 761 564 792 apogaeo
581 753 612 782 A
626 757 682 782 aut
696 751 830 792 perigaeo
846 753 876 784 B
891 763 992 784 versa-

164 798 236 831 tur;
268 793 302 823 in
326 800 457 833 utroque
481 794 565 824 enim
589 794 649 825 situ
674 794 812 834 ejusdem
831 795 994 826 meridiani

164 835 295 875 planum
316 835 401 876 quod
424 842 602 875 protensum
626 836 660 866 in
686 837 713 867 F
735 836 852 874 incidit,
883 839 992 869 transit

165 878 258 909 etiam
279 887 334 916 per
356 877 396 908 T.
443 878 599 908 Caeterum
620 879 686 908 haec
707 878 828 909 libratio
849 881 992 910 omnibus

165 920 423 961 inaequalitatibus
438 920 571 951 obnoxia
589 926 635 950 eat
650 921 763 961 quibus
781 921 913 952 afficitur
925 933 991 952 mo-

165 968 217 993 tus
238 963 272 992 in
293 962 531 1002 longitudinem·
585 962 673 1004 (Vid.
702 963 870 994 CorollarIa
895 964 990 1004 Prop.

169 1004 297 1036 LXVI.
317 1004 388 1035 Lib.
409 1004 455 1044 Ι.)

211 1046 259 1087 (f)
276 1049 327 1077 7⁷.
346 1049 364 1066 ἢ*
380 1048 516 1078 Libo-atio
536 1048 571 1078 in
588 1049 787 1078 latitudinem.
836 1048 993 1084 Quoniam

167 1089 234 1119 axis
248 1088 327 1119 citeri.
341 1099 434 1129 quem
448 1089 543 1120 Luna
555 1089 730 1125 revolvitur,
753 1099 816 1121 non
830 1098 876 1122 est
889 1091 929 1122 ad
943 1091 993 1122 lu-

166 1140 274 1161 narem
287 1132 417 1162 orbitam
431 1131 586 1167 normalis,
599 1131 653 1162 sed
663 1131 704 1162 ad
716 1132 803 1163 illam
816 1132 991 1170 inclinatus,

166 1172 366 1203 manifestum
379 1178 425 1203 est
439 1173 542 1204 Lunae
556 1174 643 1215 polos
657 1184 711 1213 per
721 1174 801 1205 vices
811 1175 851 1206 ad
865 1177 993 1206 Terram

166 1225 308 1256 vergere;
323 1213 454 1255 ideoque
466 1216 569 1247 Lunae
582 1216 717 1247 maculas
728 1227 812 1248 nunc
826 1218 898 1249 huic
911 1228 995 1249 nunc
1037 1221 1059 1238 “

139 1257 214 1301 ‚ini
239 1257 310 1297 polo
331 1257 448 1289 vicinas
472 1268 491 1288 e
516 1258 614 1289 Terra
634 1269 650 1288 s

167 1299 233 1330 axis
255 1300 357 1330 Lunae
370 1306 416 1330 est
429 1299 493 1331 fere
511 1300 550 1331 ad
567 1301 695 1340 planum
710 1302 857 1341 eclipticae
870 1313 993 1333 norma·
1036 1307 1058 1323 “

167 1341 217 1379 lis,
239 1347 324 1381 patet
336 1343 416 1373 hanc
429 1342 622 1373 librationem
636 1343 770 1382 pendere
783 1355 802 1374 a
816 1344 876 1375 situ
894 1346 996 1375 Lunae
1038 1349 1058 1366 “

167 1390 308 1423 respectu
328 1384 482 1415 nodorum
501 1385 607 1415 orbitae
626 1386 742 1416 lunaris
756 1396 828 1416 cum
842 1387 993 1426 ecliptica,

170 1436 226 1456 seu
239 1427 277 1456 ab
291 1426 358 1465 ipsa
371 1426 532 1457 latitudine
548 1427 659 1458 Lunae.
700 1428 753 1458 Ex
768 1427 822 1458 illa
836 1428 995 1460 libratione

169 1468 277 1505 oritur,
292 1474 330 1499 ut
342 1468 421 1499 dum
433 1469 526 1499 Luna
536 1469 642 1500 versus
655 1476 793 1500 austrum
807 1472 846 1501 ab
856 1470 996 1510 ecliptica

169 1509 306 1541 maxime
326 1511 449 1547 recedit,
471 1512 530 1542 hoc
544 1517 600 1549 est,
620 1513 696 1542 dum
710 1513 744 1542 in
755 1513 856 1548 limite
870 1514 996 1544 australi

169 1558 315 1589 versatur,
342 1553 443 1583 Lunae
468 1553 558 1592 polus
580 1554 710 1585 borealis
734 1561 766 1586 et
786 1555 896 1596 aliquae
914 1556 997 1587 ultra

169 1594 278 1634 polum
299 1595 417 1626 lunaris
437 1596 521 1637 globi
543 1602 642 1635 partes
658 1607 677 1627 a
702 1597 774 1628 Sole
792 1597 993 1636 illustrentur,

170 1636 362 1668 intereadum
383 1637 474 1676 polus
493 1638 633 1669 australis
646 1645 678 1670 et
690 1638 801 1680 aliquae
815 1639 890 1671 citra
910 1642 995 1672 hunc

169 1678 278 1718 polum
297 1680 439 1720 regiones
458 1680 582 1711 lunares
598 1681 633 1711 in
648 1681 781 1712 tenebris
803 1682 995 1724 immergun-

170 1728 240 1759 tur;
263 1721 290 1751 si
310 1721 385 1762 ergo
404 1722 439 1752 in
457 1723 515 1753 hoc
529 1723 592 1754 situ
605 1723 763 1765 contingat
779 1724 882 1755 Solem
896 1726 928 1755 in
943 1725 995 1756 ea„-

170 1763 243 1797 dem
264 1763 356 1804 plaga
376 1774 449 1795 cum
468 1765 566 1796 limite
584 1766 708 1797 australi
722 1768 843 1805 versari,
862 1767 956 1799 Luna
976 1779 995 1799 a

169 1806 388 1849 conjunctione
406 1817 479 1840 cum
499 1808 572 1839 Sole
585 1808 625 1839 ad
639 1808 757 1840 nodum
770 1810 992 1847 ascendentum,

169 1851 228 1882 boc
241 1857 297 1888 est,
312 1851 416 1883 versus
429 1854 554 1884 boream
567 1851 774 1895 progrediens,
788 1853 844 1885 has
855 1853 998 1894 regione·

169 1894 367 1935 maculasque
380 1894 453 1935 polo
465 1895 578 1927 boreali
597 1896 712 1927 vicinas
724 1897 822 1928 oculis
835 1896 994 1936 subducet,

171 1934 247 1966 dum
268 1936 393 1967 interim
411 1939 452 1968 ab
471 1937 611 1978 opposita
630 1937 726 1980 plaga
743 1939 813 1970 aliae
833 1950 906 1970 cum
923 1941 997 1980 polo

170 1978 295 2008 australi
316 1979 456 2019 regiones
469 1990 488 2011 e
502 1981 633 2012 tenebris
646 1988 809 2022 emergunt
816 1994 827 2020 3
849 1983 997 2013 contrari-

171 2029 289 2060 umque
308 2021 427 2052 accidet
444 2021 647 2054 descendente
667 2023 762 2054 Luna
775 2023 856 2055 nova
867 2035 888 2055 a
900 2025 999 2056 limite

171 2061 308 2100 borea-115
330 2063 510 2096 borealiores
528 2064 640 2104 nempe
655 2065 758 2097 Lunae
778 2073 878 2105 partes
891 2068 999 2106 paula.

171 2103 231 2135 tim
243 2104 277 2135 in
291 2105 394 2136 lucem
407 2117 426 2138 e
438 2106 571 2138 tenebris
582 2114 754 2147 prorepant,
768 2108 846 2140 dum
858 2110 999 2141 ausu-ali-

173 2156 242 2178 ores
260 2154 453 2180 evanescunt.

215 2189 262 2231 (⁸)
278 2193 329 2221 78.
346 2192 392 2222 D.
407 2193 454 2223 N.
471 2192 636 2224 Mercator.
682 2192 749 2224 Hic
762 2194 1000 2226 transcribemua

175 2230 219 2262 N.
239 2232 422 2263 Mercatoris
442 2235 541 2265 verba.
588 2239 611 2254 ‘⁸
628 2235 754 2266 Harum
775 2242 879 2267 tamen
902 2237 1000 2268 varia-

173 2276 197 2293 “
210 2283 282 2306 rum
302 2274 395 2316 atque
417 2275 635 2315 implicitamm
657 2277 856 2309 librationum
881 2278 1001 2320 (Lunae

175 2318 198 2335 ‘⁸
211 2316 340 2357 scilicet)
355 2327 471 2355 causas,
486 2319 644 2359 hypothesi
664 2320 890 2361 elegantissima
902 2321 1000 2360 expli-

175 2361 198 2378 “
212 2359 292 2391 eavit
312 2360 400 2391 nobb
420 2361 465 2390 vir
489 2361 529 2392 cl.
549 2362 647 2393 Isaac.
673 2363 808 2394 Newton
831 2363 921 2404 cujus
941 2364 1000 2394 hu-

175 2403 198 2441 f*
212 2401 352 2433 manituti
372 2403 430 2433 hoc
444 2409 476 2434 et
488 2403 557 2434 aliis
571 2404 748 2436 nominibus
762 2405 931 2445 plurimum
945 2405 998 2437 de·

176 2446 200 2462 “
213 2444 284 2474 bere
296 2454 348 2475 me
361 2444 470 2477 lubens
484 2446 635 2486 profiteor.
685 2447 780 2478 Hanc
794 2448 888 2489 igitur
901 2449 999 2488 hypo-

177 2487 198 2504 “
211 2485 322 2516 thesim
342 2486 448 2518 lectori
468 2488 701 2529 gratificaturus,
722 2500 875 2530 exponam
893 2491 1002 2528 verbis,

174 2531 199 2549 *ί
213 2533 250 2560 ut
262 2534 376 2569 potero,
400 2539 474 2562 nam
487 2530 705 2563 delineationea
717 2532 752 2563 in
765 2532 859 2573 plano
872 2533 922 2565 vix
937 2534 1002 2564 suf-

178 2575 199 2591 ·‘
213 2571 321 2604 ficiunt
333 2571 407 2605 huie
421 2573 554 2616 negotio.
601 2574 712 2615 ltaque
729 2585 867 2606 reversus
880 2575 920 2606 ad
933 2576 1003 2616 glo-

177 2617 198 2633 ‘·
212 2614 299 2651 bum,
310 2616 412 2656 cogita
424 2627 508 2648 nuuc
522 2618 612 2649 illum
625 2623 841 2658 representare
851 2619 1003 2658 sphaeram

178 2660 198 2675 ‘⁴
210 2656 245 2686 in
265 2655 328 2697 qua
347 2665 487 2690 movetur
507 2660 602 2692 Luna
613 2662 705 2702 cujus
718 2667 859 2693 centrum
871 2666 1002 2702 occupet

177 2701 200 2718 “
216 2698 333 2736 Tenus,
366 2700 469 2740 ipsum
496 2701 570 2734 vero
597 2704 701 2734 Lunae
728 2705 857 2746 globum
884 2706 1002 2736 credito

177 2744 201 2760 ‘⁸
214 2741 294 2781 polis
312 2748 343 2773 et
355 2753 414 2774 axe
426 2753 484 2773 suo
498 2744 682 2777 instructum
695 2746 777 2778 circa
790 2757 884 2788 quem
902 2747 1003 2778 revol-

177 2786 200 2803 “
213 2790 303 2814 vatur
330 2792 417 2815 motu
446 2787 587 2826 aequabili
614 2789 711 2819 semel
737 2800 844 2820 mense
865 2790 1002 2830 sydereo,

179 2828 201 2845 “
213 2825 290 2856 dum
305 2837 325 2858 a
338 2826 402 2858 fixa
414 2826 519 2868 aliqua
531 2828 666 2870 digressa
677 2831 719 2862 ad
730 2831 861 2862 eandem
879 2833 1005 2862 reverti-

179 2870 201 2887 “
213 2873 276 2906 tur,
297 2877 330 2900 et
347 2877 483 2910 aequator
503 2870 620 2902 lunaria
632 2872 672 2903 ad
685 2873 915 2905 firmamentum
932 2884 1006 2905 oon-

179 2913 202 2929 “
215 2909 354 2943 tinuatur.
373 2912 565 2953 intelligatur
577 2923 748 2955 congruere
759 2916 854 2955 plano
866 2917 1009 2947 horizon-

179 2954 202 2971 ‘⁸
214 2951 255 2982 tis
271 2952 378 2994 lignei.
395 2960 427 2985 et
447 2955 538 2994 polus
550 2956 712 2995 aequatoria
723 2956 840 2988 lunaris
853 2959 887 2988 in
900 2959 1005 2989 struta-

179 2997 322 3026 “uumto
341 2996 503 3028 immineat
523 2997 595 3036 polo
614 2997 718 3030 Boreo
737 3000 821 3040 globi
842 3000 882 3031 nd
902 3000 1005 3031 zenitb

180 3040 202 3057 ⁸·
214 3035 340 3069 elevato.
375 3038 518 3072 orbitam
527 3038 599 3072 vero
610 3040 714 3072 Lunae
729 3042 881 3083 concipite
894 3043 1006 3084 partim

753 1259 761 1266 ⁸
820 1261 905 1296 Quia
921 1259 995 1291 ver&
1037 1264 1059 1280 ‘⁴

1033 713 1056 732 “
1068 709 1162 750 supra
1175 710 1364 742 horizontem
1377 710 1518 752 ligneum
1531 713 1640 750 attolli,
1660 713 1771 753 partim
1790 715 1861 747 vero

1034 756 1056 773 ‘⁸
1069 751 1151 783 infra
1164 753 1298 783 eundem
1313 753 1454 792 deprimi,
1478 756 1740 794 quemadmodum
1755 756 1788 786 in
1802 758 1861 790 boc

1035 799 1058 815 ⁴‘
1071 795 1134 825 situ
1154 795 1238 835 globi
1259 795 1444 835 conspicitur
1463 798 1612 836 ecliptica,
1635 797 1707 828 licet
1727 799 1862 839 angulus

1034 840 1056 857 “
1070 837 1231 878 aequatoris
1251 838 1369 870 lunaris
1389 845 1420 870 et
1441 839 1507 881 ejus
1527 841 1634 871 orbitae
1652 850 1716 870 non
1730 841 1770 871 sit
1783 841 1861 873 forte

1034 879 1272 953 ῑῑξξξιξξι
1225 891 1312 963 ιιιξξ
1325 887 1417 954 ξε
1430 878 1588 965 ξξξξξ
1602 883 1712 959 ξξξξς
1726 884 1862 966 ξξξιξ

1036 967 1059 984 “
1072 975 1205 1005 quorum
1227 971 1355 1006 uterque
1368 966 1458 1005 polis,
1481 974 1634 1008 aequatore
1648 974 1679 998 et
1692 969 1862 999 meridiano

1037 1009 1058 1026 ‘⁸
1073 1007 1165 1037 unico
1181 1007 1322 1046 primario
1336 1009 1521 1049 insigniatur
1535 1016 1566 1040 et
1579 1016 1708 1050 uterque
1722 1010 1776 1040 filo
1795 1021 1861 1041 sus-

1037 1053 1058 1068 “
1071 1048 1223 1088 pendatur
1235 1049 1374 1081 alterutri
1394 1051 1535 1090 polorum
1551 1052 1686 1093 alligato.
1735 1053 1861 1083 Horum

1035 1094 1060 1112 “
1073 1091 1150 1122 alter
1170 1092 1283 1123 referat
1304 1092 1431 1124 Lunam
1451 1094 1591 1125 fictitiam
1612 1101 1699 1125 motu
1721 1096 1862 1135 aequabili

1037 1137 1059 1154 “
1073 1134 1245 1165 secundum
1268 1135 1434 1166 horizontis
1455 1136 1552 1176 lignei
1573 1137 1793 1174 circumlatam,
1816 1144 1862 1168 at-

1036 1179 1057 1196 “
1071 1186 1132 1217 que
1153 1176 1263 1207 eodem
1284 1183 1422 1217 tempore
1435 1178 1516 1209 circa
1530 1189 1619 1209 axem
1633 1190 1725 1209 suum
1740 1180 1861 1210 revolu-

1074 1226 1138 1249 tam
1151 1226 1290 1258 respectu
1304 1219 1499 1261 firmamenti,
1521 1220 1565 1251 ita
1579 1228 1615 1252 ut
1629 1222 1756 1260 planum
1770 1223 1862 1254 meri-

1074 1261 1159 1292 diani
1183 1262 1320 1300 primarii
1342 1261 1459 1292 lunaris
1483 1262 1632 1303 perpetuo
1653 1270 1786 1295 transeat
1809 1275 1864 1304 per

1072 1310 1213 1334 centrum
1229 1305 1342 1334 Terrae.
1391 1305 1482 1335 Alter
1502 1305 1574 1337 vero
1595 1306 1741 1347 globulus
1762 1317 1863 1337 veram

1075 1345 1200 1376 Lunam
1224 1346 1362 1377 imitatus
1382 1346 1417 1376 in
1441 1348 1540 1378 orbita
1562 1359 1618 1378 sua
1638 1349 1755 1379 feratur
1774 1356 1863 1379 motu

1038 1391 1059 1407 ‘⁸
1074 1388 1227 1427 inaequali,
1255 1398 1340 1419 nunc
1373 1388 1465 1428 supra
1499 1391 1688 1421 horizontem
1724 1390 1862 1431 ligneum

1038 1434 1059 1450 ‘⁶
1074 1440 1242 1471 emergens,
1258 1440 1343 1461 nunc
1358 1431 1439 1462 infra
1452 1432 1586 1468 eundem
1600 1433 1798 1470 descendens,
1821 1433 1865 1464 ita

1039 1475 1061 1493 “
1075 1479 1111 1502 ut
1129 1472 1258 1511 planum
1279 1474 1440 1514 aequatoris
1458 1475 1554 1515 hujus
1576 1475 1678 1506 Lunae
1691 1485 1770 1505 verae
1783 1486 1864 1506 sem-

1039 1519 1060 1534 “
1074 1524 1130 1553 per
1142 1515 1324 1554 parallelum
1334 1522 1458 1547 maneat
1470 1517 1563 1556 plano
1576 1517 1743 1548 horizontis
1756 1516 1864 1557 lignei,

1039 1560 1060 1576 “
1075 1563 1105 1586 et
1126 1557 1254 1596 planum
1274 1558 1436 1588 meridiani
1455 1559 1590 1598 primarii
1606 1559 1744 1600 ejusdem
1763 1561 1865 1591 Lunae

1039 1602 1061 1619 ‘⁴
1075 1609 1154 1630 verae
1175 1609 1295 1638 semper
1315 1601 1498 1639 parallelum
1519 1601 1612 1640 plano
1625 1602 1788 1633 meridiani
1801 1603 1864 1642 pri-

1035 1644 1060 1661 “
1073 1640 1163 1672 marii
1181 1641 1283 1672 Lunae
1302 1642 1390 1673 fictae.
1434 1642 1486 1674 Ita
1500 1643 1535 1674 fit
1548 1649 1586 1674 ut
1600 1644 1695 1674 Luna
1708 1644 1779 1675 ficta
1792 1655 1865 1675 ean-

1039 1687 1060 1703 ⁴‘
1073 1683 1146 1714 dem
1159 1683 1247 1714 nobis
1255 1684 1366 1715 faciem
1380 1686 1540 1716 obvertens
1553 1695 1673 1724 semper
1686 1686 1766 1717 nulli
1779 1697 1866 1727 pror.

1038 1730 1060 1746 ⁴⁸
1074 1725 1128 1756 sus
1152 1725 1304 1757 librationi
1331 1727 1372 1758 sit
1393 1728 1536 1759 obnoxia.
1595 1731 1640 1759 At
1665 1728 1760 1760 Luna
1783 1739 1864 1766 vera,

1037 1771 1060 1788 “
1073 1768 1149 1798 dum
1170 1779 1190 1799 a
1206 1768 1340 1810 perigaeo
1360 1771 1462 1811 pergit
1474 1770 1515 1801 ad
1529 1780 1677 1811 apogaeon
1693 1771 1867 1809 praecedens

1040 1814 1060 1831 ⁸⁴
1076 1811 1202 1841 Lunam
1222 1811 1338 1849 fictam,
1361 1812 1566 1843 meridianum
1579 1822 1670 1843 suum
1686 1814 1867 1852 primarium

1041 1857 1062 1873 ‘⁴
1074 1854 1207 1884 ostendit
1221 1854 1253 1884 in
1267 1855 1432 1885 medietate
1445 1853 1568 1885 sinistra
1581 1855 1630 1885 sui
1644 1855 1720 1885 disci
1735 1863 1782 1887 tot
1795 1866 1866 1896 gra-

1039 1899 1061 1916 “
1074 1895 1164 1928 dibus
1184 1897 1348 1928 abeuntem
1369 1907 1388 1928 a
1407 1897 1512 1928 medio
1524 1904 1601 1938 quot
1614 1904 1687 1928 suut
1705 1897 1785 1929 inter
1798 1899 1866 1928 lon-

1039 1944 1061 1960 “
1074 1939 1247 1980 gitudinem
1268 1940 1372 1971 Lunae
1390 1951 1470 1972 verae
1484 1947 1516 1971 et
1528 1941 1617 1971 fictae.
1666 1941 1718 1970 Ab
1739 1951 1868 1981 apogaeo

1040 1986 1062 2002 ‘⁸
1076 1981 1147 2013 vero
1160 1982 1201 2013 ad
1214 1982 1370 2024 perigaeon
1381 1982 1569 2014 descendens
1584 1983 1675 2013 Luna
1685 1992 1756 2013 vera
1765 1984 1867 2023 sequi·

1040 2028 1063 2045 “
1076 2031 1128 2056 tur
1141 2024 1254 2060 fictam,
1269 2024 1363 2065 atque
1372 2031 1442 2056 tum
1454 2025 1642 2056 meridianus
1657 2024 1775 2063 primus
1789 2035 1868 2054 vere

1041 2071 1063 2087 ‘⁴
1080 2067 1182 2098 Lunae
1200 2067 1316 2098 recedit
1328 2069 1367 2098 ab
1381 2068 1449 2109 ejus
1464 2067 1569 2098 medio
1582 2067 1623 2097 ad
1636 2066 1785 2104 dextram,
1806 2067 1867 2098 hoe

1042 2114 1064 2129 ‘⁸
1076 2115 1132 2146 eet,
1161 2110 1292 2141 maculae
1318 2119 1426 2140 omnoe
1449 2115 1582 2150 vergunt
1604 2109 1637 2139 in
1661 2118 1814 2146 occasutm
1835 2116 1867 2139 et

1041 2155 1064 2171 ‘⁸
1077 2151 1149 2182 cum
1170 2151 1341 2182 differentia
1361 2151 1442 2183 inter
1454 2151 1588 2182 mediam
1602 2157 1633 2182 et
1646 2160 1749 2181 veram
1765 2151 1867 2181 Lunae

1042 2197 1063 2214 ‘⁴
1077 2193 1303 2235 longitudinem
1331 2194 1364 2224 in
1395 2193 1588 2234 quadraturis
1615 2193 1724 2224 evadat
1757 2195 1866 2236 major,

1043 2240 1065 2256 “
1078 2243 1203 2275 propter
1215 2236 1402 2267 evectionem
1415 2236 1587 2276 systematis
1600 2235 1716 2266 lunaris
1729 2246 1749 2266 a
1762 2243 1867 2267 centro

1045 2282 1065 2298 ⁸‘
1082 2278 1226 2313 Telluris,
1251 2278 1325 2308 hinc
1344 2286 1389 2310 eat
1409 2278 1493 2319 quod
1513 2278 1546 2308 in
1565 2278 1758 2318 quadraturis
1776 2278 1867 2308 libra-

1044 2324 1067 2341 “
1080 2321 1179 2351 tiones
1191 2321 1225 2350 in
1238 2320 1370 2361 longum
1385 2325 1554 2351 cernuntur
1565 2321 1706 2360 majores.
1752 2320 1867 2350 Simili-

1044 2366 1065 2382 “
1079 2368 1126 2393 ter
1153 2362 1336 2403 intelligitur
1363 2373 1455 2394 causa
1488 2362 1656 2393 librationis
1689 2362 1723 2392 iu
1757 2362 1868 2398 latum,

1021 2430 1027 2443 ,Δ
1044 2409 1064 2426 ⁸⁶
1078 2405 1203 2445 quando
1225 2405 1318 2435 Luna
1338 2411 1481 2444 superato
1494 2405 1576 2436 nodo
1590 2406 1780 2440 aseendente,
1803 2404 1867 2435 sive

1045 2451 1067 2468 ‘⁶
1081 2447 1214 2478 sectione
1234 2448 1384 2479 horizonti
1398 2448 1494 2489 lignei
1507 2454 1538 2478 et
1551 2448 1659 2478 orbitae
1674 2457 1746 2482 suae.
1769 2446 1870 2479 tendit

1045 2493 1067 2510 “
1080 2490 1120 2520 ad
1133 2489 1263 2520 limitem
1276 2491 1412 2526 boreum,
1435 2496 1503 2521 tum
1517 2491 1601 2520 enim
1615 2489 1704 2520 nobis
1717 2490 1750 2519 in
1764 2496 1870 2520 centro

1045 2536 1067 2552 “
1081 2533 1208 2571 sphaerae
1231 2533 1346 2571 positis,
1372 2533 1463 2572 polus
1486 2533 1587 2563 Lunae
1610 2533 1722 2562 boreus
1744 2537 1775 2562 et
1798 2542 1869 2572 quae

1045 2579 1068 2595 ‘⁶
1081 2580 1155 2606 aunt
1167 2574 1248 2606 cirea
1258 2586 1331 2606 eum
1342 2576 1470 2606 maculae
1481 2574 1720 2611 absconduntur,
1735 2580 1766 2604 et
1779 2574 1870 2613 polus

1045 2621 1067 2638 ⁴‘
1080 2617 1221 2649 australis
1241 2628 1313 2649 cum
1331 2618 1394 2648 suis
1410 2617 1540 2648 maculis
1559 2618 1593 2647 in
1607 2622 1803 2655 conspectum
1816 2627 1870 2647 ve-

1044 2664 1066 2680 “
1080 2661 1135 2698 nit,
1151 2659 1235 2691 unde
1249 2661 1379 2691 maculae
1393 2670 1500 2690 omnes
1514 2659 1685 2699 conspicue
1698 2658 1732 2688 in
1746 2660 1870 2689 boream

1044 2706 1067 2729 ‘i‘
1080 2703 1206 2735 tendere
1226 2703 1386 2740 videntur-3
1420 2703 1608 2734 contrarium
1628 2701 1746 2736 accidit,
1774 2699 1870 2732 Luna

1048 2750 1072 2767 ‘⁶
1083 2746 1125 2778 ad
1146 2745 1276 2776 limitem
1298 2745 1463 2776 australem
1477 2744 1647 2775 accedente.
1697 2744 1749 2774 Ab
1761 2743 1870 2774 iisdem

1046 2793 1068 2809 ‘⁴
1082 2789 1182 2820 causis
1201 2787 1338 2827 procedit
1356 2787 1547 2818 macularum
1561 2796 1597 2816 ex
1614 2791 1698 2825 parte
1712 2784 1816 2817 lucida
1835 2786 1869 2816 in

1047 2836 1068 2851 ‘⁶
1081 2833 1243 2862 obscuram
1266 2830 1412 2860 transitus
1434 2836 1464 2859 et
1489 2828 1629 2859 vicissim.
1675 2829 1758 2860 Nam
1776 2828 1811 2858 in
1831 2828 1871 2858 li-

1050 2877 1071 2895 ‘⁴
1085 2874 1160 2904 mite
1180 2872 1305 2903 australi
1318 2871 1410 2911 polus
1426 2872 1526 2901 Lunae
1539 2873 1648 2901 boreus
1660 2881 1681 2902 a
1696 2870 1767 2902 Sole
1784 2870 1871 2901 illus·

1050 2919 1071 2936 ‘⁶
1086 2921 1193 2951 tratur,
1219 2921 1250 2945 et
1271 2913 1420 2955 quidquid
1443 2920 1488 2943 est
1512 2923 1596 2943 zonae
1617 2913 1737 2953 frigidae
1760 2913 1873 2943 arctico

1052 2961 1074 2979 ‘⁴
1088 2958 1189 2988 lunari
1202 2957 1367 2992 inclusum,
1379 2956 1454 2986 dum
1468 2955 1581 2996 frigida
1589 2955 1730 2986 australis
1743 2955 1775 2985 in
1786 2962 1873 2985 tene-

1048 3004 1070 3021 “
1084 3000 1146 3031 bris
1161 3006 1304 3030 versatur.
1346 2997 1441 3034 Quod
1455 2997 1482 3028 si
1495 2997 1589 3038 igitur
1605 2998 1707 3028 Sole-
1722 2997 1876 3035 concipias

1050 3038 1681 3082 “iuez‘idemplagacumlimiteaustrali
1702 3048 1733 3071 et
1752 3040 1877 3071 Lunam
