2092 3470
516 245 769 290 FLUXUS
799 245 881 288 AC
911 243 1248 287 REFLUXUS
1280 242 1490 285 MARIS.
1771 248 1853 286 319

150 367 216 403 ter
244 373 432 402 enormes
460 358 529 400 vel
555 354 626 400 Vix
655 359 880 409 sensibiles,
911 358 973 400 uti
1000 357 1045 398 in
1075 356 1190 399 Mari
1220 356 1545 407 Mediterraneo,
1576 356 1638 397 vel
1669 355 1854 412 insignes

149 431 457 473 retardatione-³
479 441 635 480 eorum,
671 430 820 486 quibus
854 430 985 471 rebus
1011 427 1267 483 explicandis
1298 443 1472 484 sequens
1504 428 1643 484 Caput
1668 427 1861 469 ultimum

153 503 471 546 mus:
501 505 560 546 ita
586 504 631 545 in
657 504 739 545 hoc
770 504 918 559 Capite
947 510 1107 545 tantum
1126 516 1174 543 ea
1193 499 1318 542 aestfis
1337 502 1463 543 maris
1490 501 1768 556 phaenomena
1786 516 1861 542 ex-

151 576 347 632 plicanda
367 576 624 632 suscipimus,
655 592 749 633 quae
775 578 819 618 in
844 576 1049 632 portubus
1068 574 1366 630 amplissimum
1387 589 1589 617 oceanum
1607 574 1862 631 respicienti-

151 649 232 690 bus
251 649 318 690 vel
337 649 482 690 insulis
502 649 714 690 observari
734 649 869 690 solent
893 649 937 689 in
956 662 1112 689 oceano
1132 646 1233 688 sitis.

209 726 241 776 ᾗ.
263 729 332 765 99.
367 722 412 764 Si
431 736 574 763 omnes
593 722 880 777 proprietates,
911 714 1060 776 quibus
1077 720 1216 761 fluxus
1236 733 1285 760 ac
1304 718 1488 760 refluxus
1507 720 1633 761 maris
1661 719 1863 775 praeditus

156 807 247 834 esse
266 793 522 843 observatur,
554 792 746 834 distincte
775 806 1017 838 enumerare
1043 798 1165 846 atque
1185 804 1396 844 exponere
1413 789 1602 840 velimus,
1634 790 1867 845 deprehen-

154 864 300 905 demus
331 879 400 906 eas
430 864 485 905 ad
513 872 596 905 tres
627 863 777 905 classes
797 862 981 904 revocari
1006 861 1171 902 debere.
1232 860 1304 902 Ad
1322 860 1500 916 primam
1520 860 1674 901 scilicet
1694 861 1868 903 classem

154 936 371 978 referenda
389 944 486 978 sunt
503 936 791 991 phaenomena,
810 950 903 992 quae
922 935 969 975 in
986 949 1071 975 uno
1091 941 1195 975 aestu
1214 934 1258 975 in
1279 949 1323 976 se
1342 942 1527 990 spectato
1542 934 1866 989 conspiciuntur,

156 1009 253 1053 cum
273 1011 433 1053 ratione
454 1011 650 1065 temporis
671 1008 760 1052 tum
780 1009 903 1050 etiam
924 1008 1084 1050 ratione
1104 1007 1341 1064 quantitatis
1352 1023 1365 1057 3
1394 1007 1568 1063 haecque
1593 1006 1870 1063 phaenomena

158 1081 492 1124 commodissime
512 1082 589 1123 sub
609 1081 875 1123 varietatibus
895 1081 1054 1122 diurnis
1074 1080 1374 1136 comprehendi
1392 1088 1577 1136 possunt,
1601 1079 1802 1136 quatenus
1823 1095 1873 1121 ea

155 1168 200 1195 se
219 1153 398 1194 offerunt
417 1152 684 1203 observatori,
718 1152 789 1208 qui
816 1167 893 1207 per
922 1152 1130 1209 integrum
1159 1160 1320 1193 tantum
1338 1152 1451 1193 diem
1471 1152 1778 1193 observationes
1808 1152 1872 1192 in-

156 1223 301 1274 stituit,
317 1238 452 1281 neque
467 1239 515 1265 ea
532 1238 627 1264 cum
643 1223 732 1265 aliis
752 1223 1039 1278 phaenomenis
1055 1223 1145 1265 aliis
1160 1223 1416 1278 temporibus
1433 1223 1745 1265 occurrentibus
1761 1238 1874 1264 com-

155 1301 287 1349 parat.
369 1294 561 1336 Secunda
600 1293 738 1335 classis
779 1294 1067 1349 complectitur
1105 1295 1322 1336 varietates
1360 1302 1606 1345 menstruas,
1649 1309 1744 1351 quae
1783 1309 1874 1335 sese

156 1365 411 1406 observatori
441 1379 518 1420 per
547 1364 757 1422 integrum
786 1379 971 1406 mensem
1002 1373 1150 1406 aestum
1183 1365 1310 1407 maris
1345 1366 1643 1420 contemplanti
1676 1364 1870 1415 offerunt,

161 1451 360 1492 quorsum
386 1435 596 1491 pertinent
628 1442 753 1477 aestus
786 1435 959 1477 maximi
989 1436 1246 1492 minimique,
1279 1436 1379 1478 item
1414 1436 1713 1478 retardationes
1746 1435 1874 1477 modo

156 1509 334 1564 majores
368 1507 496 1549 modo
525 1508 719 1550 minores.
782 1508 928 1550 Tertia
956 1508 1136 1565 denique
1163 1509 1303 1551 classis
1323 1508 1639 1564 comprehendit
1657 1500 1876 1551 varietates

96 1604 98 1609 ι
157 1593 315 1620 annuas
346 1593 394 1620 ac
421 1578 643 1635 plusquam
671 1594 844 1630 annuas,
876 1595 971 1636 quae
1000 1588 1229 1636 sequuntur
1257 1581 1324 1622 vel
1351 1581 1485 1623 varias
1516 1582 1653 1623 Lunae
1683 1597 1709 1623 a
1741 1580 1876 1623 Terra

157 1650 388 1711 distantiaS,
410 1649 475 1691 vel
497 1650 604 1692 Solis
615 1667 627 1700 ;
657 1651 724 1692 vel
743 1651 867 1692 etiam
885 1651 1152 1693 luminarium
1173 1652 1502 1694 declinationem.
1565 1653 1693 1695 Hanc
1712 1652 1768 1695 ob
1787 1667 1878 1694 rem

156 1721 433 1777 phaenomena
468 1722 790 1778 uniuscujusque
810 1722 951 1763 classis
981 1723 1301 1774 recensebimus,
1330 1732 1453 1780 atque
1476 1724 1687 1780 quomodo
1716 1724 1880 1781 singula

137 1806 140 1809 ·
158 1808 255 1835 cum
280 1793 439 1835 theoria
459 1792 609 1834 tradita
631 1799 875 1849 congruant,
897 1793 1175 1835 ostendemus.
1236 1793 1326 1836 Hic
1345 1794 1458 1846 vero,
1487 1803 1534 1836 ut
1555 1796 1645 1851 jam
1664 1803 1727 1837 est
1744 1795 1880 1837 moni-

160 1873 263 1915 tum,
299 1880 324 1906 a
353 1865 732 1919 perturbationibus
766 1879 860 1921 quae
891 1881 917 1906 a
952 1866 1096 1908 Terris
1127 1881 1177 1908 ac
1206 1867 1414 1910 littoribus
1441 1869 1662 1923 provenire
1690 1876 1878 1923 possunt,

161 1939 346 1980 animum
365 1953 536 1993 prorsus
557 1938 823 1989 abstinemus,
848 1954 918 1981 eas
939 1940 1128 1995 sequenti
1150 1940 1290 1995 Capiti
1308 1950 1576 1983 reservantes.
1638 1941 1783 1984 Multo
1801 1942 1880 1983 mi-

159 2010 240 2053 nsis
260 2010 364 2053 vero
384 2011 439 2052 ad
457 2018 626 2052 ventum
646 2009 716 2052 hic
736 2010 993 2065 respicimus,
1025 2025 1110 2066 quo
1133 2019 1258 2053 aestus
1277 2013 1404 2053 maris
1425 2011 1521 2054 cum
1540 2013 1700 2055 ratione
1719 2014 1882 2070 magni-

164 2082 321 2124 tudinis
351 2080 442 2122 tum
470 2074 668 2135 temporis
697 2080 925 2135 plurimum
955 2080 1063 2122 affici
1092 2081 1360 2133 observatur3
1391 2083 1464 2124 sed
1493 2082 1656 2126 tantum
1679 2085 1882 2140 ejusmodi

162 2156 440 2213 phaenomena
471 2155 679 2211 explicare
710 2154 780 2197 hic
812 2154 1068 2207 conabimur,
1102 2169 1197 2213 quae
1230 2157 1469 2199 memoratis
1501 2158 1880 2212 perturbationibus

164 2228 335 2271 minime
356 2230 439 2271 sint
458 2228 651 2270 obnoxia.

220 2305 252 2355 §.
278 2307 372 2343 100.
410 2299 540 2349 Quod
569 2300 695 2356 igitur
715 2300 771 2342 ad
790 2301 967 2356 primam
988 2301 1161 2343 classem
1182 2302 1339 2353 attinet,
1362 2302 1621 2358 praecipuum
1639 2303 1882 2358 phaenome-

162 2387 266 2414 num
293 2374 338 2414 in
366 2372 449 2415 hoc
480 2373 677 2424 consistit,
710 2373 827 2430 quod
855 2374 1009 2430 ubique
1038 2374 1083 2415 in
1111 2374 1365 2429 amplissimo
1395 2390 1552 2417 oceano
1581 2377 1765 2433 quotidie
1793 2377 1883 2419 bini

162 2445 292 2487 maris
311 2445 451 2486 fluxus
471 2459 546 2486 seu
565 2444 826 2495 elevationes,
856 2444 1026 2500 binique
1046 2445 1230 2487 refluxus
1251 2460 1324 2487 seu
1343 2438 1629 2502 depressiones
1659 2448 1883 2490 observen-

166 2528 248 2568 tur,
280 2525 405 2573 atque
438 2524 603 2572 tempus
634 2517 744 2559 inter
777 2518 897 2558 binos
932 2508 1070 2559 fluxus
1105 2519 1357 2561 successivos
1389 2520 1551 2562 circiter
1583 2526 1649 2562 12.
1679 2520 1770 2563 hor.
1800 2523 1881 2563 24'.

168 2588 516 2643 deprehendatur.
576 2589 694 2631 Huic
723 2589 823 2631 vero
851 2590 1142 2644 phaenomeno,
1174 2592 1209 2633 si
1238 2592 1312 2633 ulli
1340 2593 1422 2644 alii,
1452 2609 1530 2649 per
1555 2594 1759 2636 theoriam
1783 2610 1882 2636 nos-

170 2667 278 2701 tram
297 2659 533 2714 plenissime
554 2667 616 2701 est
635 2660 900 2711 satisfactum,
932 2661 1004 2702 ubi
1031 2663 1286 2704 ostendimus
1304 2665 1530 2706 maximam
1549 2681 1670 2722 aquae
1690 2667 1883 2709 elevatio-

169 2745 268 2772 nem
296 2729 442 2793 deberi
469 2732 659 2773 transitui
687 2732 824 2773 Lunae
853 2747 930 2787 per
951 2733 1227 2775 meridianum
1246 2742 1331 2776 tam
1351 2751 1476 2791 supra
1489 2735 1620 2792 ,quam
1648 2738 1756 2780 infra
1775 2739 1882 2781 Ter-

167 2816 282 2842 ram:
314 2815 367 2842 ex
388 2815 471 2856 quo
491 2799 586 2842 cum
607 2802 731 2844 Luna
749 2802 832 2845 una
854 2805 1110 2847 revolutione
1130 2806 1278 2848 diurna
1298 2807 1362 2849 bis
1382 2808 1436 2850 ad
1455 2809 1638 2864 ejusdem
1658 2811 1740 2853 loci
1757 2813 1883 2854 meri-

173 2874 344 2919 dianum
364 2873 544 2929 appellat
564 2874 782 2917 intervallo
801 2878 1000 2932 temporis
1020 2878 1181 2920 circiter
1205 2884 1256 2919 12
1277 2878 1368 2921 hor.
1391 2882 1472 2922 24'.
1494 2883 1726 2924 necessario
1745 2884 1882 2942 sequi-

168 2954 238 2988 tur
266 2945 349 2988 una
380 2945 637 2987 revolutione
663 2947 798 2990 Lunae
818 2951 928 2991 circa
958 2950 1135 2991 Terram
1154 2951 1274 2992 binos
1293 2952 1430 3004 fluxus
1450 2961 1567 2995 tanto
1587 2961 1773 3011 tempore
1792 2972 1818 2998 a
1837 2951 1882 2998 se

170 3017 347 3058 invicem
366 3017 531 3058 dissitos
552 3017 651 3058 oriri
673 3017 837 3070 debere,
869 3021 1218 3076 quemadmodum
1238 3021 1320 3063 hoc
1340 3022 1478 3077 ipsum
1497 3025 1677 3068 calculus
1698 3036 1782 3069 tam
1802 3042 1881 3082 pro

169 3089 390 3147 hypothesi
409 3107 529 3149 aquae
557 3093 703 3135 inertia
724 3096 912 3147 carentis,
940 3095 1064 3153 quam
1083 3095 1260 3138 admissa
1289 3097 1449 3149 inertia,
1473 3099 1695 3143 clarissime
1724 3100 1881 3142 indica-

1000 3168 1026 3198 Ζ
1042 3171 1062 3197 2
