2092 3470
478 214 731 257 FLUXUS
762 214 842 256 AC
875 212 1211 255 REFLUXUS
1244 211 1455 254 MARIS.
1736 216 1813 252 341

111 328 349 439 =13⁴bQ3qP
329 338 347 371 t
367 358 411 412 (9
430 355 467 398 Ρ
480 353 497 378 2
509 371 539 411 p
560 362 602 406 4-
625 369 653 410 p
668 352 684 378 3
699 379 755 386 -
766 369 788 395 r
801 354 848 407 ⁵).
895 353 965 396 Ex
982 351 1062 394 hac
1081 351 1209 409 igitur
1222 351 1399 395 formula
1416 352 1612 409 sequitur,
1630 352 1666 394 si
1685 352 1821 394 Lunae

113 468 334 510 declinatio
361 469 413 511 sit
446 470 562 512 nulla
591 485 663 512 seu
685 470 729 520 Q
756 486 797 508 =
825 477 866 520 0,
896 478 985 511 tum
1004 468 1166 510 nullum
1187 468 1357 509 omnino
1376 477 1523 510 aestum
1542 469 1586 510 in
1607 468 1660 511 M
1680 469 1821 510 obser-

112 540 202 581 vari
221 539 386 582 debere.
447 541 578 591 Qubd
607 542 642 583 si
671 549 808 582 autem
837 540 962 582 Luna
989 539 1140 581 habeat
1165 537 1388 589 borealem,
1419 548 1508 581 tum
1529 540 1582 581 ad
1604 540 1821 581 transitum

115 638 251 680 Lunae
279 654 356 694 per
385 639 658 680 meridianum
688 638 944 693 superiorem
973 650 1123 694 aquam
1151 635 1283 677 attolli
1310 635 1364 676 ad
1394 636 1568 690 spatium
1596 608 1811 721 *5133

115 756 160 809 (9
178 753 215 795 Ρ
229 751 246 776 ²
264 768 293 809 p
319 760 363 804 -Ι-
389 769 418 809 p
433 753 450 777 ³
468 779 527 786 —
546 769 567 795 r
586 753 644 807 3);
675 762 717 795 at
744 753 845 794 dum
875 753 998 795 Luna
1026 752 1069 793 in
1098 751 1297 793 alterutro
1326 751 1481 793 circulo
1509 751 1675 793 horario
1705 760 1823 792 sexto

114 831 312 875 versetur,
348 832 438 866 tum
471 840 621 881 aquam
655 824 708 866 ad
741 824 923 865 libellam
961 822 1194 864 naturalem
1232 822 1321 864 fore
1359 823 1648 872 constitutam3
1700 821 1822 863 Luna

115 905 255 939 autem
284 897 392 939 infra
419 897 677 939 horizontem
696 897 750 938 ad
778 896 1051 938 meridianum
1070 894 1317 950 appellente,
1347 910 1494 951 aquam
1517 894 1623 936 infra
1642 894 1824 935 libellam

818 970 856 1012 L
820 969 972 1032 Q
820 985 1039 1080 P(9
1063 996 1099 1038 P
1117 994 1134 1019 2

817 1044 842 1079 2
859 1039 886 1080 b

116 1108 295 1165 denique
320 1109 409 1152 fore
436 1118 596 1161 aestum,
628 1111 662 1151 si
697 1110 820 1152 Luna
848 1039 999 1151 habgat
1027 1109 1343 1151 declinationem
1372 1109 1608 1151 australem.
1671 1110 1723 1152 In
1752 1109 1825 1151 tali

115 1181 242 1239 igitur
269 1184 394 1225 maris
423 1191 559 1225 tractu
589 1184 773 1240 quotidie
801 1183 926 1225 semel
946 1192 1106 1225 tantum
1126 1198 1231 1239 aqua
1252 1182 1405 1234 affluet,
1436 1184 1645 1240 semelque
1664 1184 1823 1234 refluet,

118 1255 153 1296 si
173 1255 342 1311 quidem
363 1256 487 1297 Luna
504 1255 657 1298 habeat
676 1256 992 1298 declinationem
1007 1272 1019 1306 3
1048 1271 1146 1297 nam
1166 1256 1201 1297 si
1222 1255 1345 1297 Luna
1363 1264 1614 1313 aequatorem
1635 1264 1823 1311 occupat,

116 1333 241 1366 aestus
261 1326 431 1367 omnino
452 1326 530 1368 erit
549 1327 700 1368 nullus.

175 1400 207 1450 ᾗ.
233 1403 328 1439 130.
360 1397 428 1439 Ex
458 1397 539 1439 hoc
568 1413 667 1440 casu
696 1397 904 1454 aptissime
938 1398 1136 1453 explicari
1169 1413 1292 1454 posse
1325 1399 1488 1440 videtur
1520 1398 1826 1454 phaenomenon

115 1467 220 1508 illud
240 1467 366 1510 aestus
386 1468 620 1526 singularis,
651 1469 723 1526 qui
742 1469 786 1510 in
805 1477 930 1524 portu
951 1469 1166 1525 Tunquini
1185 1470 1238 1511 ad
1259 1469 1459 1511 Batsham
1478 1470 1731 1521 observatur,
1755 1471 1827 1512 ubi

116 1540 287 1582 omnine)
315 1549 363 1582 ut
391 1542 435 1582 in
462 1549 668 1596 praesente
697 1556 796 1583 casu
815 1541 916 1582 dum
936 1541 1061 1583 Luna
1080 1542 1123 1583 in
1143 1550 1354 1598 aequatore
1373 1549 1572 1592 versatur,
1600 1557 1714 1583 mare
1733 1542 1827 1584 nul-

118 1611 206 1652 lum
235 1619 383 1652 aestum
413 1611 558 1661 sentit3
588 1619 630 1653 at
657 1611 758 1653 dum
789 1611 912 1653 Luna
930 1621 1166 1653 removetur
1185 1612 1238 1653 ab
1258 1618 1468 1667 aequatore
1488 1610 1552 1652 vel
1580 1611 1723 1654 versus
1750 1613 1828 1654 bo-

83 1735 86 1737 *
116 1697 229 1723 ream
257 1681 323 1724 vel
351 1680 493 1724 versus
523 1690 720 1732 austrum,
757 1682 940 1738 quotidie
969 1698 1076 1738 aqua
1104 1683 1229 1724 semel
1264 1691 1425 1724 tantum
1458 1681 1589 1722 affluit
1620 1683 1827 1740 semelque

115 1752 263 1803 refluit,
294 1767 467 1808 prorsus
495 1761 543 1794 ut
572 1752 754 1794 calculus
780 1753 1048 1803 monstravit3
1081 1753 1236 1794 scilicet
1255 1754 1290 1794 si
1311 1753 1446 1794 Lunae
1467 1739 1688 1795 declinatio
1705 1754 1830 1797 fuerit

116 1823 307 1874 borealis,
339 1840 447 1881 aqua
468 1823 610 1866 versus
641 1825 777 1867 Lunae
797 1840 1002 1876 occasum,
1034 1824 1114 1866 hoc
1134 1834 1197 1867 est
1225 1835 1319 1881 post
1339 1826 1558 1866 transitum
1590 1825 1724 1868 Lunae
1751 1842 1828 1882 per

116 1893 390 1936 meridianum
410 1910 535 1950 super
554 1895 782 1946 horizonte,
805 1896 946 1947 affluit,
968 1895 1110 1938 versus
1131 1905 1269 1937 ortum
1289 1895 1387 1937 vero
1407 1896 1562 1946 defluit,
1585 1912 1679 1953 quae
1698 1907 1827 1940 retar-

121 1966 234 2007 datio
263 1966 316 2008 ab
345 1965 491 2008 inertia
522 1982 640 2023 aquae
670 1975 711 2009 et
739 1975 856 2008 motu
886 1967 940 2008 ad
968 1967 1107 2008 littora
1125 1967 1344 2022 provenire
1363 1966 1605 2023 intelligitur
1624 1976 1671 2008 ut
1690 1966 1828 2022 supra.

119 2036 278 2079 Contra
308 2037 407 2079 vero
438 2039 473 2080 si
503 2039 638 2080 Lunae
669 2038 891 2081 declinatio
914 2039 966 2080 sit
995 2038 1198 2089 australis,
1229 2054 1337 2095 aqua
1356 2037 1601 2094 deprimitur
1631 2039 1753 2081 Luna
1774 2039 1829 2081 ad

116 2125 309 2152 occasum
341 2110 576 2162 inclinante,
614 2111 736 2153 Luna
774 2119 913 2153 autem
946 2112 1117 2161 oriente,
1160 2111 1380 2153 attollitur:
1427 2127 1520 2167 quae
1552 2111 1829 2166 phaenomena

117 2180 304 2236 apprime
325 2182 577 2223 conveniunt
597 2197 691 2223 cum
711 2197 808 2224 casu
829 2182 955 2224 modo
976 2183 1177 2238 exposito.
1235 2183 1312 2224 Est
1330 2191 1531 2238 praeterea
1550 2184 1722 2225 elevatio
1741 2184 1828 2240 poli

118 2252 334 2308 Tunquini
355 2258 439 2294 20⁰.
463 2254 542 2295 50'.
568 2253 759 2304 borealis,
780 2262 904 2310 atque
922 2268 1036 2295 mare
1056 2254 1249 2309 utrinque
1268 2252 1364 2295 cum
1392 2254 1625 2295 Peninsulis
1645 2254 1734 2297 tum
1756 2257 1828 2297 In-

117 2323 216 2364 sulis
237 2323 290 2364 ab
303 2332 488 2379 utroque
509 2323 681 2366 Oceano
705 2324 888 2366 Pacifico
908 2334 950 2366 et
971 2324 1118 2366 Indico
1136 2323 1221 2365 fere
1246 2338 1414 2379 prorsus
1435 2333 1660 2379 separatur,
1683 2326 1827 2368 saltem

122 2404 167 2437 ut
194 2396 327 2438 libera
345 2398 667 2440 communicatio
694 2413 782 2440 non
811 2398 939 2440 adsit:
971 2407 1173 2456 praeterea
1192 2398 1261 2440 hic
1280 2398 1390 2440 idem
1410 2399 1536 2440 maris
1558 2408 1725 2450 tractus,
1757 2401 1827 2456 qui

120 2466 265 2511 versus
293 2469 464 2510 boream
492 2469 547 2511 ad
575 2470 715 2512 littora
751 2470 889 2527 Regni
919 2458 1134 2526 Tunquini
1164 2470 1419 2520 terminatur,
1453 2470 1689 2512 extenditur
1720 2470 1827 2512 ultra

118 2547 368 2595 aequatorem
398 2540 452 2581 ad
485 2541 639 2598 gradus
674 2541 836 2583 circiter
865 2546 933 2583 45.
965 2542 1080 2597 cujus
1110 2540 1336 2582 latitudinis
1366 2540 1479 2582 sinus
1507 2541 1669 2582 circiter
1697 2540 1828 2596 duplo

118 2609 250 2664 major
270 2617 345 2659 est,
378 2608 502 2665 quam
523 2611 636 2652 sinus
665 2611 893 2653 latitudinis
922 2611 1099 2652 borealis
1130 2610 1214 2652 20⁰.
1237 2612 1341 2653 512:
1373 2610 1567 2667 quocirca
1587 2626 1640 2652 ex
1663 2611 1727 2652 his
1748 2611 1827 2652 cir-

118 2679 376 2721 cumstantiis
391 2694 468 2734 per
482 2689 666 2723 nostram
683 2682 884 2724 theoriam
901 2682 1045 2724 eadem
1067 2682 1157 2737 ipsa
1172 2681 1395 2738 singularia
1413 2681 1690 2736 phaenomena
1703 2681 1827 2724 aestfis

117 2752 244 2793 maris
265 2752 475 2793 observari
502 2753 667 2805 debent,
696 2769 790 2810 quae
811 2762 905 2796 actu
925 2755 1221 2796 observantur:
1254 2762 1377 2809 atque
1396 2754 1477 2795 hoc
1495 2754 1622 2796 modo
1642 2755 1681 2795 si
1697 2754 1828 2795 ullum

117 2822 255 2865 adhuc
285 2823 457 2864 dubium
488 2824 599 2865 circa
627 2834 811 2867 nostram
842 2826 1045 2868 theoriam
1080 2825 1284 2881 reliquum
1313 2825 1467 2877 fuisset,
1504 2827 1547 2867 id
1578 2826 1828 2868 resolutione

117 2894 240 2950 hujus
260 2895 460 2936 mirabilis
480 2895 745 2950 phaenomeni
766 2896 950 2939 funditus
971 2897 1177 2938 sublatum
1198 2897 1247 2937 iri
1268 2897 1527 2939 confidimus.

115 996 358 1052 depressum
377 997 429 1038 iri
447 1013 523 1053 per
544 997 790 1053 spatium:
1151 1010 1181 1050 p
1206 1001 1250 1045 -Ι-
1276 994 1341 1051 p3
1436 994 1539 1048 r3);
1572 996 1826 1037 contrarium

540 3032 671 3065 FINIS
695 3033 867 3066 PRIMAE
887 3033 1064 3066 PAR'rls
1081 3033 1205 3065 TOMI
1231 3034 1415 3066 TERTII.
