2092 3470
98 219 204 260 Cu‘.
226 217 284 269 1.]
570 213 657 254 AD
688 207 984 253 TERTIUM
1015 206 1278 248 LIBRUM.
1721 206 1796 247 xix

93 328 324 373 differentia
356 326 665 385 longitudinum
700 325 929 366 stellarum
950 322 996 363 D
1032 327 1074 362 et
1115 320 1169 367 S;
1194 318 1282 358 ›hae
1315 326 1454 359 autem
1494 319 1799 361 observationes
1843 381 1846 384 ψ

16 396 18 398 ’
94 402 383 445 distantiamm
414 406 630 440 ,astrorum
666 397 775 438 inter
813 410 858 437 se
894 401 1067 449 propter
1104 399 1311 432 astrorum
1350 389 1589 432 continuam
1628 405 1801 433 conver-

95 475 253 517 sionem
272 487 358 513 non
377 468 496 512 facile
516 470 570 511 ad
589 482 794 511 summam
815 465 1036 508 acribeiam
1054 462 1355 519 perducuntur.

153 550 223 586 21.
255 544 318 587 Sit
347 551 386 582 11
412 557 435 583 z
462 556 500 582 ae
528 557 555 581 π
583 555 611 597 q
638 539 795 581 telluris
825 537 974 594 globus
1003 550 1079 591 per
1108 534 1223 589 cujus
1254 539 1443 574 centrum
1473 530 1515 571 T
1548 532 1694 573 transit
1713 533 1803 575 axis

94 615 242 658 mundi
272 615 309 656 P
336 628 380 669 p.
439 612 545 654 Loci
573 626 596 652 z
627 611 681 652 sit
707 609 882 651 horizon
911 606 1115 653 sensibilis
1134 605 1165 646 h
1185 620 1220 655 r,
1243 603 1418 646 horizon
1446 602 1655 643 rationalis
1677 603 1724 644 H
1748 605 1802 654 R,

94 695 137 729 et
163 685 424 728 meridianus
448 677 552 726 ΡΖ
581 682 632 725 Η
660 682 717 724 N.
779 681 864 723 His
891 678 951 722 ita
979 677 1225 728 constitutis,
1247 676 1337 718 axis
1356 674 1515 717 telluris
1536 674 1688 716 dicitur
1707 689 1804 730 pars

93 2177 131 2212 11
149 2185 189 2222 π,
217 2169 308 2214 axis
336 2169 484 2213 mxmdi
505 2170 545 2213 P
559 2184 591 2227 p
608 2169 768 2213 telluris
789 2171 1013 2227 superficie
1031 2173 1253 2215 terminata
1271 2173 1316 2215 in
1334 2172 1502 2229 punctis
1525 2181 1562 2213 Π
1582 2179 1624 2214 et
1641 2190 1682 2223 «τ,
1714 2189 1809 2229 (μω

25 2270 27 2275 -
90 2243 178 2298 poli
204 2251 328 2284 terrae
355 2250 569 2285 vocantur.
632 2243 760 2285 Polus
791 2252 830 2283 Π
857 2244 957 2299 polo
978 2245 1135 2286 coelesti
1157 2246 1194 2287 P
1212 2246 1333 2287 nobis
1354 2246 1581 2302 conspicuo
1601 2245 1809 2301 subjectus

20 2323 21 2326 ’
91 2314 268 2357 borealis
297 2316 363 2358 vel
391 2316 583 2367 arcticus,
614 2316 718 2358 alter
737 2333 764 2355 π
783 2316 974 2358 australis
994 2317 1060 2358 vel
1080 2317 1328 2359 antarcticus
1357 2318 1605 2373 appellatur.
1666 2318 1806 2359 Inter-

20 2390 28 2397 “
93 2386 220 2428 sectio
237 2387 353 2443 plani
372 2388 594 2445 aequatoris
609 2387 784 2429 coelestis
799 2389 916 2444 cujus
934 2396 997 2430 est
1011 2389 1214 2443 diameter
1229 2389 1288 2431 AE
1306 2390 1362 2441 Q,
1381 2405 1477 2432 cum
1490 2390 1649 2432 telluris
1665 2404 1809 2445 super-

93 2457 199 2508 ficie,
222 2458 306 2500 sive
327 2459 506 2501 circulus
525 2459 732 2501 maximus
752 2474 790 2500 ae
810 2474 828 2500 s
849 2475 878 2516 q
897 2475 940 2510 Χ,
964 2461 1080 2516 cujus
1100 2460 1189 2515 poli
1210 2468 1307 2502 sunt
1328 2470 1366 2501 Π
1384 2468 1426 2502 et
1446 2478 1484 2511 π,
1503 2460 1654 2502 dicitur
1669 2475 1810 2516 aequa-

13 2587 15 2590 Α
93 2537 161 2571 tor
178 2532 383 2574 terrestris
412 2540 485 2575 aut
513 2533 638 2574 etiam
658 2532 836 2574 circulus
864 2533 1163 2589 aequinoctialis
1182 2533 1249 2574 vel
1268 2535 1346 2573 κατ’
1367 2535 1490 2588 ἐξοχὴν
1508 2531 1631 2574 linea.
1691 2532 1809 2575 Lati-

16 2610 18 2614 ’
94 2602 198 2644 tudo
224 2603 307 2645 loci
335 2605 513 2660 cujusvis
542 2620 565 2646 Ζ
594 2605 638 2646 in
668 2605 886 2661 superficie
914 2613 1038 2647 terrae
1067 2613 1130 2648 est
1160 2606 1354 2648 distantia
1383 2607 1470 2663 ejus
1500 2606 1553 2648 ab
1583 2612 1807 2662 aequatore,

95 2674 179 2716 sive
199 2683 262 2717 est
279 2676 724 2722 meridiani-terrestris
744 2693 864 2719 arcus
884 2693 906 2719 Ζ
927 2693 965 2719 ae
984 2679 1092 2720 inter
1111 2679 1252 2721 locum
1271 2695 1294 2721 z
1315 2687 1356 2721 et
1375 2688 1631 2736 aequatorem
1645 2693 1684 2719 ae
1701 2693 1721 2719 s
1736 2693 1765 2734 q
1777 2691 1809 2718 x

95 2744 358 2801 interceptus.
420 2746 548 2788 Unde
575 2755 691 2803 patet
718 2748 979 2790 latitudinem
1006 2749 1090 2790 loci
1120 2764 1142 2790 z
1171 2750 1216 2790 in
1246 2750 1466 2805 superficie
1485 2757 1614 2790 terrae
1630 2763 1808 2790 numero

96 2816 303 2872 graduum
331 2818 534 2874 aequalem
564 2833 654 2860 esse
684 2819 950 2861 declinationi
979 2820 1135 2862 coelesti
1163 2821 1327 2862 verticis
1350 2821 1384 2862 Z
1404 2820 1589 2875 ejusdem
1608 2820 1702 2871 loci,
1735 2835 1808 2862 seu

96 2884 313 2929 elevationi
342 2888 430 2943 poli
466 2888 503 2930 P
533 2889 587 2930 R.
647 2889 759 2931 Nam
788 2905 909 2931 arcus
942 2890 979 2931 P
1014 2890 1054 2931 R
1084 2898 1126 2932 et
1156 2891 1190 2932 Z
1206 2891 1292 2951 ΖΕ,
1326 2898 1423 2931 sunt
1452 2890 1632 2947 aequales
1654 2891 1745 2946 (10)
1767 2899 1810 2933 et

97 2973 216 3001 arcus
237 2960 272 3002 Z
294 2960 352 3002 AE
372 2976 420 3011 ac
440 2976 462 3002 z
482 2976 520 3002 ae
540 2961 692 3003 similes
707 2977 718 3011 ;
748 2977 824 3017 per
842 2962 982 3003 locum
1002 2962 1046 3002 in
1066 2962 1284 3017 superficie
1303 2971 1428 3002 terrae
1446 2968 1525 3017 pro
1545 2962 1716 3003 arbitrio
1736 2962 1809 3004 de-

98 3032 361 3074 terminatum
392 3033 567 3075 ducatur
595 3034 847 3075 meridianus
881 3043 916 3074 Π
947 3049 968 3074 r
997 3052 1024 3074 π
1052 3042 1304 3090 aequatorem
1335 3049 1372 3075 ae
1403 3050 1421 3075 s
1442 3050 1470 3091 q
1488 3050 1515 3075 x
1539 3050 1681 3077 secans
1701 3035 1744 3075 in
1760 3049 1806 3083 ῖς

920 3105 940 3134 b
962 3108 982 3133 ‘2
