2092 3470
523 242 776 285 FLUXUS
805 244 887 284 AC
923 242 1260 286 REFLUXUS
1292 245 1523 292 MARIs„
1783 254 1864 290 323

154 356 201 397 in
227 356 437 398 fluxubus.
452 357 562 398 circa
590 357 776 414 syzygias
807 357 930 415 quam
949 358 1247 414 quadraturas:
1278 360 1323 401 in
1351 343 1612 416 quadraturis
1631 359 1742 403 enim
1760 377 1864 418 quo-

155 428 280 477 niam,
312 427 413 468 dum
441 426 564 468 Luna
591 442 668 482 per
695 429 971 470 meridianum
998 428 1159 479 transit,
1192 428 1263 471 Sol
1285 444 1371 471 non
1389 446 1553 487 semper
1581 433 1626 473 in
1646 432 1862 475 horizonte

153 506 350 547 versatur,
382 497 456 538 sed
485 498 551 539 vel
579 498 634 540 ad
661 498 917 541 horizontem
948 499 1116 540 demum
1148 499 1306 541 accedit
1333 502 1398 542 vel
1419 503 1507 557 jam
1536 503 1588 545 ab
1615 518 1665 545 eo
1687 504 1858 556 recedit,

150 560 317 610 necesse
345 577 408 610 est
436 577 483 611 ut
510 569 582 610 illo
611 584 707 611 casu
735 571 873 612 fluxus
903 571 1035 622 citius,
1065 571 1147 613 1100
1174 570 1274 612 vero
1294 572 1457 614 >tardius
1477 575 1715 632 contingat:
1745 577 1859 633 quod

149 641 372 683 discrimen
389 640 483 683 curn
501 642 654 696 partim
669 643 721 684 ab
737 643 964 685 elevatione
983 644 1082 698 poli,
1098 644 1250 699 partim
1264 659 1290 685 a
1301 644 1574 689 declinatione
1593 648 1857 691 luminarium

146 717 340 772 pendeat,
361 727 572 771 momenta
590 719 780 760 fluxuum
799 720 844 760 in
863 719 1124 775 quadraturis
1143 718 1276 775 magis
1296 719 1539 776 irregularia
1558 722 1716 764 reddit:
1749 724 1856 765 inte-

145 789 226 830 rim
257 798 396 831 tamen
425 790 564 832 habita
597 791 746 832 harum
777 792 1175 833 circumstantiarum
1209 791 1368 834 ratione
1400 793 1497 834 satis
1527 795 1659 849 prope
1690 796 1856 838 definiri

102 892 106 895 -
142 870 292 916 potest.
355 862 477 904 Circa
505 871 693 918 tempora
720 864 910 905 fluxuum
938 872 1088 914 autem,
1118 864 1189 919 qui
1218 864 1262 905 in
1290 865 1512 907 noviluniis
1541 867 1854 922 aepleniluniis

142 932 342 984 incidunt,
364 932 456 974 haec
477 934 564 975 sola
583 935 784 975 correctio
803 949 875 975 seu
895 934 1083 975 reductio
1102 934 1156 975 ad
1175 935 1392 976 transitum
1414 936 1548 977 Lunae
1566 951 1643 992 per
1661 938 1852 979 meridia-

140 1018 244 1045 num
272 1019 439 1046 omnem
466 1005 553 1047 fere
577 1006 823 1047 anomaliam
843 1005 962 1057 tollit,
994 1021 1194 1063 quorsum
1213 1016 1371 1062 spectat
1389 1009 1534 1066 regula
1554 1025 1578 1051 a
1599 1009 1726 1051 celeb.
1750 1011 1851 1052 Cas-

138 1076 229 1116 sino
256 1076 300 1117 in
333 1077 464 1118 Mem.
489 1082 613 1121 1710.
645 1077 807 1128 tradita,
839 1077 921 1134 qua
950 1093 1028 1134 pro
1047 1079 1220 1121 totidem
1239 1079 1367 1131 horis,
1398 1081 1547 1137 quibus
1575 1081 1851 1137 plenilunium

139 1162 212 1188 seu
230 1147 489 1188 novilunium
508 1147 572 1189 vel
593 1157 689 1189 ante
707 1148 923 1190 meridiem
942 1148 1008 1190 vel
1026 1158 1123 1205 post
1140 1150 1297 1201 incidit,
1319 1152 1493 1193 totidem
1511 1152 1610 1194 bina
1624 1154 1850 1211 minutasad

139 1229 301 1275 tempus
322 1219 460 1263 fluxus
481 1221 665 1262 medium
684 1222 751 1263 vel
770 1221 923 1263 addere
943 1222 1009 1263 vel
1027 1223 1080 1264 ab
1100 1238 1151 1264 eo
1171 1224 1414 1266 subtrahere
1427 1225 1560 1280 jubet,
1582 1226 1737 1282 quippe
1755 1241 1850 1282 quoe

135 1307 190 1333 ex
211 1301 329 1334 motu
348 1292 483 1334 Lunae
504 1301 566 1334 est
583 1294 725 1348 petita.
787 1294 962 1336 Interim
973 1302 1112 1337 tamen
1132 1295 1210 1338 hac
1231 1282 1486 1339 correctione
1505 1297 1690 1340 adhibita
1710 1299 1847 1355 aliqua

136 1365 340 1406 anomalia
369 1380 583 1420 superesse
611 1365 947 1420 deprehenditur,
979 1368 1095 1422 cujus
1127 1376 1265 1410 autem
1296 1370 1403 1410 ratio
1435 1385 1489 1411 ex
1516 1370 1658 1412 nostra
1687 1370 1846 1412 theoria
1885 1394 1890 1401 ·

134 1443 280 1489 sponte
310 1435 506 1491 sequitur.
569 1435 752 1484 Quando
781 1436 893 1480 enim
919 1438 1087 1493 syzygia
1113 1446 1210 1480 ante
1236 1439 1453 1480 meridiem
1480 1440 1724 1490 celebratur,
1756 1451 1845 1482 tum

132 1505 234 1545 dum
263 1505 386 1546 Luna
414 1520 490 1560 per
517 1506 793 1553 meridianum
822 1507 981 1557 transit,
1015 1507 1089 1553 Sol
1111 1494 1199 1563 jam
1228 1517 1323 1550 ante
1343 1524 1439 1550 eum
1458 1518 1521 1552 est
1544 1518 1841 1567 transgressus,

131 1584 256 1631 atque
289 1575 384 1616 ideo
412 1576 500 1631 jam
532 1575 738 1623 horizonti
772 1577 1092 1633 appropinquat,
1125 1593 1179 1621 ex
1212 1594 1296 1635 quo
1330 1594 1498 1621 necesse
1531 1589 1594 1622 est
1624 1589 1671 1622 ut
1705 1581 1844 1623 fluxus

130 1645 251 1688 citius
284 1647 456 1698 eveniat,
491 1646 615 1703 quam
645 1649 780 1703 prima
810 1648 955 1705 regula
986 1649 1075 1691 sola
1105 1649 1290 1692 adhibita
1321 1651 1488 1692 indicat.
1548 1652 1691 1707 Atque
1720 1652 1845 1693 etiam

103 1748 106 1749 γ
131 1718 242 1759 idem
273 1719 317 1759 in
345 1719 494 1765 tabulis
523 1708 714 1767 fluxuum
742 1720 1018 1777 Dunkerquae
1047 1729 1091 1763 et
1117 1721 1162 1762 in
1183 1722 1315 1764 Portu
1336 1723 1495 1765 Gratiae
1514 1723 1841 1775 observatorum,

130 1789 263 1831 Mem.
299 1795 422 1834 1710.
455 1790 633 1842 insertis,
668 1791 886 1839 manifesto
920 1793 1198 1847 conspicitur:
1241 1794 1410 1849 quando
1440 1794 1552 1835 enim
1584 1795 1842 1838 novilunium

127 1862 453 1916 pleniluniumve
482 1863 670 1918 pluribus
702 1863 816 1912 horis
847 1873 943 1906 ante
975 1865 1192 1906 meridiem
1225 1865 1386 1917 accidit,
1422 1873 1512 1908 tum
1545 1867 1685 1911 fluxus
1720 1867 1841 1910 citius

138 1931 353 1970 advenisse
383 1929 640 1978 observatur,
673 1931 795 1985 quam
826 1931 1007 1972 calculus
1030 1933 1297 1974 Cassinianus
1327 1934 1557 1982 indicabat3
1588 1932 1728 1974 contra
1747 1933 1846 1974 vero

137 1998 296 2045 tardius
325 2000 357 2041 si
380 1998 557 2057 syzygiae
577 1998 744 2045 demum
762 1993 950 2055 pluribus
969 2001 1083 2043 horis
1103 2013 1200 2058 post
1217 2003 1430 2046 meridiem
1460 2003 1693 2053 inciderint,
1731 2005 1846 2059 cujus

138 2071 306 2127 majoris
326 2069 613 2114 retardationis
635 2085 757 2111 causa
786 2071 830 2111 in
862 2071 958 2114 Sole
979 2081 1067 2114 tum
1086 2073 1222 2115 adhuc
1242 2074 1294 2116 ab
1314 2073 1528 2118 horizonte
1547 2074 1766 2117 recedente
1785 2084 1847 2118 est

135 2142 371 2199 quaerenda.

191 2219 221 2269 ᾗ.
246 2220 340 2256 106.
374 2212 605 2269 Septimum
632 2213 938 2270 phaenomenon
967 2214 1203 2270 suppeditat
1222 2213 1384 2256 diversa
1407 2213 1631 2256 retardatio
1650 2213 1841 2255 fluxuum

137 2284 179 2326 in
209 2284 386 2342 syzygiis
415 2284 681 2326 luminarium
710 2294 751 2327 et
780 2285 1041 2341 quadraturis
1061 2293 1251 2340 respectu
1270 2284 1466 2340 appulsus
1493 2285 1629 2327 Lunae
1648 2284 1702 2326 ad
1721 2283 1845 2325 meri-

96 2407 100 2410 ,
133 2357 328 2407 dianum;
359 2357 518 2399 tardius
548 2358 704 2400 scilicet
732 2358 885 2414 ubique
913 2358 1099 2399 locorum
1126 2357 1277 2408 fluxus,
1311 2357 1382 2413 qui
1411 2357 1454 2400 in
1482 2356 1658 2413 syzygiis
1683 2356 1844 2397 contin-

134 2438 251 2486 gunt,
281 2430 554 2485 insequuntur
583 2430 918 2472 culminationem
948 2430 1096 2480 Lunae,
1126 2428 1251 2486 quam
1279 2430 1321 2481 ii,
1352 2430 1423 2486 qui
1443 2430 1552 2471 circa
1571 2429 1843 2485 quadraturas

133 2501 317 2542 veniunt.
379 2501 521 2557 Hujus
551 2510 688 2542 autem
717 2501 982 2556 phaenomeni
1010 2500 1168 2555 ‘duplex
1188 2515 1311 2544 causa
1340 2508 1477 2556 potest
1497 2499 1708 2556 assignari,
1741 2513 1842 2555 qua-

130 2588 226 2614 rum
244 2573 378 2628 prima
398 2589 423 2615 a
442 2573 527 2615 sola
549 2574 775 2630 quantitate
794 2582 971 2615 aestuum
989 2573 1157 2627 petitur,
1189 2572 1285 2629 quia
1305 2572 1416 2613 enim
1435 2580 1560 2613 aestus
1581 2570 1841 2627 syzygiamm

130 2643 262 2686 multo
292 2654 387 2685 sunt
414 2646 588 2701 majores
618 2644 743 2701 quam
772 2654 898 2686 aestus
932 2644 1291 2701 quadraturarum,
1322 2652 1644 2685 consentaneum
1676 2641 1839 2699 videtur

130 2715 220 2756 illos
244 2713 402 2756 tardius
421 2716 559 2758 venire
580 2715 704 2772 quam
731 2716 822 2757 hos.
883 2716 1030 2757 Altera
1048 2714 1147 2757 vero
1168 2730 1290 2756 causa
1310 2731 1405 2771 quae
1423 2716 1504 2756 hoc
1532 2714 1839 2770 phaenomenon

129 2787 261 2830 multe)
281 2786 514 2829 distinctius
535 2789 726 2844 explicat,
756 2788 941 2845 nullique
960 2787 1087 2830 dubio
1107 2788 1244 2829 locum
1266 2787 1472 2843 relinquit,
1494 2794 1648 2828 nostrae
1668 2785 1839 2828 theoriae

130 2862 299 2903 omnino
330 2871 392 2903 est
417 2862 600 2917 propria,
627 2863 839 2919 priorique
868 2860 992 2918 longe
1019 2870 1082 2902 est
1112 2860 1381 2915 praeferenda.
1435 2859 1653 2901 ‘Ponamus
1682 2859 1791 2900 enim
1821 2867 1839 2900 t

130 2947 219 2972 esse
239 2927 413 2987 tempus,
444 2947 527 2988 quo
555 2932 599 2972 in
624 2933 843 2974 noviluniis
863 2947 912 2973 ac
931 2928 1166 2986 pleniluniis
1185 2931 1323 2972 fluxus
1344 2939 1439 2984 post
1459 2929 1678 2984 appulsum
1700 2929 1837 2971 Lunae

129 3004 183 3045 ad
215 3005 489 3046 meridianum
523 3004 663 3046 venire
697 3005 822 3054 solet3
869 3004 1133 3060 sequentibus
1167 3003 1292 3060 igitur
1326 3002 1472 3043 diebus
1507 3001 1589 3044 hoc
1623 3010 1786 3061 tempus
1821 3010 1838 3042 t

132 3076 328 3118 continue>
360 3078 625 3127 diminuetur,
656 3077 751 3133 quia
781 3085 868 3118 tum
906 3076 991 3125 Sol,
1023 3076 1125 3117 dum
1155 3075 1277 3117 Luna
1306 3074 1349 3115 in
1377 3073 1606 3116 meridiano
1635 3081 1834 3122 versatur,

949 3148 974 3177 z
995 3151 1014 3177 4
