2092 3470
578 201 832 245 FLUXUS
860 202 944 244 AC
974 202 1314 246 REFLUXUS
1345 203 1556 247 MARIS.
1833 211 1918 250 249

213 311 350 354 motfis
369 312 581 369 vertiginis
610 321 652 354 et
678 314 880 368 periodici
909 322 1056 356 aestum
1074 315 1199 356 maris
1217 316 1425 369 proficisci
1445 326 1508 359 est
1525 318 1761 369 arbitratus,
1792 317 1917 375 quam

210 401 264 428 ex
293 395 408 428 motu
428 402 676 442 quocunque
703 388 967 444 progressivo
987 388 1072 429 sive
1097 387 1310 429 rectilineo
1331 390 1415 431 sive
1434 390 1672 442 curvilineo,
1703 391 1739 432 si
1767 391 1801 432 is
1821 406 1916 434 cum

207 466 323 498 motu
342 459 541 499 rotatorio
561 459 831 500 combinetur.

263 532 294 581 §.
315 533 356 568 4.
388 527 639 585 Quanquam
659 538 796 571 autem
814 538 952 571 motus
973 529 1120 571 Terrae
1138 528 1374 584 periodicus
1393 530 1502 570 circa
1524 530 1665 572 Solem
1684 545 1779 572 cum
1796 539 1914 575 motu

203 600 406 641 rotatorio
425 601 534 642 circa
553 617 675 644 axem
695 604 938 658 conjunctus
958 602 1119 643 nullum
1139 602 1183 646 in
1201 602 1306 642 mari
1324 609 1484 643 motum
1503 603 1763 657 reciprocum
1785 620 1912 662 gene-

202 685 296 712 rare
323 671 444 722 valet,
475 679 613 716 tamen
639 688 766 724 mare,
798 674 911 728 quod
940 673 974 714 si
1002 680 1138 713 motus
1167 680 1274 713 esset
1301 672 1514 728 aequabilis
1543 674 1587 714 in
1618 673 1835 726 directum,
1866 677 1912 718 in

202 744 340 799 quiete
369 745 618 799 persisteret,
650 743 907 801 aliquantum
935 744 1092 786 turbari
1121 743 1300 784 debebit.
1362 741 1491 792 Quod
1520 744 1554 783 si
1582 752 1721 785 autem
1745 745 1799 786 ad
1825 747 1910 788 vim

201 815 281 871 qua
315 815 450 856 Terra
475 816 519 856 in
549 815 681 858 orbita
714 815 787 858 sua
818 816 1051 857 continetur
1069 814 1343 864 attendamus,
1373 829 1459 855 non
1478 814 1697 856 difficulter
1716 817 1908 859 mutatio-

198 902 308 938 nem,
339 903 463 944 quam
491 903 606 930 mare
630 889 684 930 ab
703 904 752 930 ea
776 888 968 944 patietur,
998 887 1192 944 colligere
1217 887 1457 942 poterimus.
1517 887 1630 930 Nam
1649 887 1746 930 cum
1764 899 1903 945 partes

200 960 347 1002 Terrae
375 977 401 1002 a
433 961 529 1004 Sole
557 961 798 1003 remotiores
827 961 979 1002 minori
1008 961 1062 1011 vi,
1092 961 1308 1016 propiores
1327 960 1426 1002 vero
1444 962 1591 1016 majori
1619 962 1904 1014 sollicitentur,

195 1033 280 1074 illae
299 1033 354 1075 ad
372 1035 504 1089 majus
525 1042 686 1088 tempus
706 1033 977 1088 periodicum‚
998 1033 1066 1074 hae
1089 1032 1189 1075 vero
1208 1033 1262 1075 ad
1280 1034 1417 1075 minus
1437 1034 1734 1076 absolvendum
1753 1051 1905 1093 cogen-

195 1112 276 1155 tur,
309 1120 362 1146 ex
391 1120 475 1161 quo
503 1104 688 1159 partibus
718 1103 864 1145 Terrae
893 1104 1045 1154 fluidis,
1076 1112 1123 1146 ut
1141 1104 1239 1159 pote
1258 1105 1492 1156 mobilibus,
1513 1114 1652 1148 motus
1672 1107 1726 1148 ab
1745 1108 1905 1149 oriente

191 1174 335 1219 versus
363 1177 620 1219 occidentem
650 1176 878 1219 secundum
899 1178 1130 1233 eclipticam
1159 1178 1390 1229 inducetur,
1421 1179 1610 1235 hancque
1640 1195 1780 1223 veram
1814 1197 1904 1224 esse

192 1263 361 1289 causam
389 1248 581 1289 existimo
609 1263 658 1289 ac
685 1249 939 1304 praecipuam
959 1263 1035 1290 cur
1058 1258 1143 1291 tam
1163 1264 1341 1291 oceanus
1362 1249 1485 1306 quam
1505 1253 1576 1291 ae'r
1598 1251 1677 1292 sub
1695 1262 1905 1308 aequatore

189 1322 392 1377 perpetuo
421 1323 572 1365 habeat
600 1324 762 1366 fluxum
791 1324 845 1366 ab
872 1332 967 1365 ortu
993 1322 1136 1366 versus
1156 1338 1362 1365 occasum.
1424 1324 1597 1365 Possem
1616 1324 1737 1366 etiam
1759 1340 1813 1366 ex
1833 1341 1904 1368 eo-

190 1395 286 1437 dem
305 1396 511 1451 principio
531 1396 641 1437 clare
661 1397 879 1439 ostendere
899 1405 984 1438 tam
1003 1396 1144 1446 maris,
1175 1396 1210 1437 si
1239 1395 1410 1437 omnino
1430 1396 1608 1436 liberum
1628 1404 1747 1447 esset,
1779 1395 1902 1452 quam

193 1469 299 1515 ae'ris
338 1468 588 1510 celeritatem
626 1478 784 1511 tantam
821 1470 924 1520 fore,
974 1469 1055 1526 qua
1093 1478 1279 1525 tempore
1317 1470 1662 1527 viginti-quatuor
1702 1470 1901 1512 horarum

192 1539 372 1595 spatium
401 1540 563 1582 circiter
591 1541 738 1597 viginti
765 1541 972 1598 graduum
1000 1541 1263 1591 absolvatur3
1294 1541 1367 1583 sed
1388 1540 1483 1582 cum
1504 1541 1596 1582 haec
1615 1541 1828 1597 inquisitio
1847 1542 1903 1585 ad

187 1619 434 1666 praesentem
466 1612 738 1667 quaestionem
771 1612 940 1668 proprie
969 1627 1056 1654 non
1090 1613 1307 1667 pertineat,
1336 1621 1460 1668 atque
1492 1612 1646 1667 inclyta
1675 1612 1903 1661 Academia

134 1691 139 1693 “
185 1683 359 1726 fortasse
388 1685 466 1726 alia
499 1687 713 1727 occasione
733 1687 980 1742 quaestiones
1001 1684 1085 1728 huc
1106 1694 1337 1741 spectantes
1358 1686 1411 1727 sit
1428 1685 1705 1740 prepositura,
1736 1685 1902 1727 uberio—

186 1770 275 1796 rem
304 1756 622 1811 explicationem
651 1757 772 1812 hujus
802 1757 974 1814 insignis
1003 1757 1270 1812 phaenomeni
1298 1756 1349 1798 eo
1369 1771 1500 1812 usque
1522 1755 1793 1797 differendam
1812 1771 1902 1799 esse

186 1841 424 1876 censemus3
454 1828 535 1870 hoc
555 1828 723 1884 quidem
743 1836 928 1883 tempore
948 1826 1110 1869 tantum
1128 1827 1332 1869 indicasse
1352 1827 1548 1877 contenti,
1571 1834 1731 1868 motum
1751 1827 1901 1869 Terrae

184 1897 441 1951 periodicum
461 1900 712 1954 conjunctim
733 1915 829 1941 curn
847 1908 964 1941 motu
984 1900 1135 1941 diurno
1154 1900 1258 1942 mari
1278 1907 1438 1942 motum
1458 1899 1646 1954 aliquem,
1656 1899 1894 1954 imprimere

186 1983 320 2022 posse,
343 1969 416 2010 sed
435 1971 675 2026 neutiquam
694 1979 854 2012 motum
873 1972 1144 2026 reciprocum,
1176 1972 1238 2012 uti
1259 1971 1447 2013 Galileus
1466 1979 1529 2012 est
1549 1971 1782 2013 arbitratus.

242 2045 274 2094 ᾗ.
297 2047 336 2083 5.
370 2042 448 2084 Uti
480 2043 523 2082 in
553 2044 744 2084 omnibus
763 2043 934 2084 omnino
954 2043 1251 2099 quaestionibus
1280 2042 1462 2099 physicis
1481 2042 1613 2085 multo
1630 2040 1794 2085 'facilius
1817 2051 1893 2095 est,

184 2126 278 2167 quae
307 2126 392 2153 non
424 2113 476 2155 sit
505 2128 628 2154 causa
656 2113 922 2169 phaenomeni
951 2114 1180 2169 cujuspiam
1210 2113 1350 2164 oblati,
1382 2112 1506 2169 quam
1535 2126 1629 2169 quae
1657 2113 1723 2164 sit,
1755 2121 1893 2158 osten-

183 2182 308 2231 dere;
338 2182 396 2224 ita
415 2183 539 2224 etiam
558 2198 743 2238 praesens
763 2184 935 2240 quaestio
955 2184 1008 2242 de
1026 2184 1144 2225 fluxu
1163 2198 1212 2225 ac
1230 2184 1394 2225 refluxu
1413 2184 1539 2225 maris
1559 2192 1621 2226 est
1640 2192 1891 2238 comparata,

182 2261 230 2295 ut
257 2268 343 2294 non
372 2254 591 2296 difficulter
621 2271 761 2297 causas
782 2255 886 2297 falso
915 2242 1141 2312 assignatas
1170 2255 1374 2310 possimus
1403 2254 1604 2296 refellere.
1664 2254 1730 2297 Ac
1757 2254 1894 2310 primo

182 2327 347 2383 quidem
367 2337 463 2383 post
483 2343 664 2370 eversam
689 2330 840 2371 Galilei
860 2330 1117 2380 sententiam,
1135 2330 1355 2384 explicatio
1370 2328 1494 2370 aestfis
1508 2329 1632 2370 maris
1651 2329 1892 2370 Cartesiana

180 2401 384 2454 praesioni
413 2402 550 2444 Lunae
583 2403 728 2444 innixa
759 2411 824 2444 tot
857 2404 1063 2460 tantisque
1094 2403 1257 2445 laborat
1289 2403 1611 2453 difficultatibus,
1645 2411 1692 2444 ut
1722 2402 1892 2444 omnine

183 2471 402 2515 subsistere
428 2482 620 2530 nequeat.
680 2474 966 2531 Praeterquam
994 2476 1105 2517 enim
1134 2475 1247 2532 quod
1277 2475 1509 2517 istiusmodi
1537 2476 1697 2530 pressio
1723 2475 1890 2517 aliunde

179 2543 349 2597 probari
367 2555 557 2602 nequeat,
586 2555 709 2603 atque
729 2548 783 2589 ad
801 2547 883 2589 hoc
903 2548 1037 2597 solum
1065 2548 1372 2603 phaenomenon
1394 2548 1687 2603 explicandum
1706 2546 1889 2604 gratuito

181 2624 426 2667 assumatur,
457 2619 813 2662 observationibus
843 2621 966 2662 etiam
993 2620 1163 2662 minime
1194 2621 1400 2663 satisfacit.
1462 2622 1514 2663 In
1540 2629 1684 2676 aperto
1710 2621 1820 2663 enim
1839 2635 1889 2662 ac

178 2686 312 2730 libero
341 2702 496 2730 oceano
524 2705 675 2747 aquam
693 2706 795 2732 mox
822 2702 918 2747 post
937 2692 1155 2733 transitum
1185 2692 1319 2733 Lunae
1346 2707 1424 2747 per
1442 2692 1717 2733 meridianum
1737 2690 1887 2733 elevari

179 2759 457 2810 observamus,
487 2760 583 2802 clim
612 2762 841 2806 secundum
862 2764 1053 2806 Cartesii'
1069 2764 1313 2806 sententiam
1335 2764 1482 2805 eodem
1501 2772 1688 2818 tempore
1708 2763 1887 2818 deprimi

178 2830 373 2880 deberet3
404 2846 548 2887 neque·
567 2833 768 2888 practerea
795 2834 877 2875 hoc
905 2834 1032 2876 modo
1052 2835 1148 2876 satis
1168 2834 1360 2875 distincte
1380 2834 1624 2888 explicatur,
1654 2848 1730 2875 cur
1758 2834 1884 2875 Luna

178 2904 254 2944 sub
275 2904 407 2946 Terra
437 2905 568 2946 latens
587 2907 766 2948 eundem
785 2907 870 2949 fere
890 2907 1081 2949 effectum
1101 2914 1255 2956 exerat,
1287 2921 1335 2947 ac
1355 2906 1387 2947 si
1414 2920 1538 2961 super
1556 2905 1771 2947 horizonte
1790 2920 1885 2947 ver·-

179 2986 303 3017 setur.
363 2977 530 3019 Deinde
559 2977 640 3018 hoc
667 2978 778 3019 idem
806 2980 1019 3036 negotium
1046 2993 1131 3019 non
1158 2977 1332 3019 feliciori
1360 2990 1551 3018 successu
1579 2992 1800 3034 aggressus
1820 2983 1884 3018 est

179 3048 411 3095 wallisius,
433 3063 599 3091 causam
618 3049 661 3090 in
675 3052 885 3092 communi
904 3059 1047 3093 centro
1066 3050 1278 3106 gravitatis
1297 3049 1446 3091 Terrae
1465 3057 1506 3091 et
1527 3048 1660 3090 Lunae
1676 3061 1880 3105 quoerens,
