2092 3470
277 187 359 243 23‘2
671 198 756 241 DE
786 198 989 242 CAUSA
1020 199 1290 243 PHYSICA
1322 199 1573 244 FLUXUS

271 313 384 363 dum,
404 313 435 354 b
453 312 693 354 Semi-axem
711 313 985 370 conjugatum,
1007 326 1030 354 c
1049 312 1285 354 distantiam
1303 312 1384 355 foci
1404 329 1430 355 a
1449 321 1606 364 centro,
1627 319 1668 355 et
1688 312 1740 362 L,
1766 310 1965 367 logarith-

269 417 572 473 mumipsiusa
605 410 692 502 M:
718 404 758 442 ÷
786 411 894 503 {vel
921 434 946 459 a
977 426 1010 460 Χ
1041 409 1066 434 a
1092 399 1134 501 ἶ
1161 406 1199 459 c.
1261 418 1420 468 Q.e.fi

327 534 417 575 Cor.
449 533 608 575 Eadem
636 548 796 588 semper
825 542 886 575 est
913 533 1018 574 ratio
1047 532 1256 588 gravitatis
1276 531 1417 574 versus
1443 531 1619 574 frustum
1637 530 1808 588 quodvis
1830 529 1965 585 sphaea
2031 560 2035 563 -

267 603 393 645 roidis
422 611 463 645 et
489 603 663 645 frustum
692 604 866 658 sphaerae
886 603 1031 661 eoden)
1049 603 1174 657 plano
1197 602 1252 644 ad
1271 611 1524 659 aequatorem
1544 602 1723 644 normali
1739 601 1963 644 abscissum

230 670 233 673 ⁴
267 674 319 715 ab
349 673 492 715 eadem
518 682 638 729 parte
664 674 799 728 plani3
828 674 894 716 vel
922 673 1099 730 gravitas
1119 673 1163 713 in
1182 673 1415 728 portionem
1434 688 1459 714 a
1478 672 1710 728 sphaeroide
1728 671 1810 719 hoc
1836 671 1963 726 plano

268 745 484 788 abscissam
504 754 566 787 est
585 745 638 805 ati
657 746 899 802 gravitatem
927 746 970 786 in
993 745 1195 801 integram
1222 743 1511 800 sphaeroidem,
1534 752 1581 786 ut
1599 742 1777 800 gravitas
1795 743 1840 783 in
1857 742 1963 784 frus-r

265 828 354 861 tum
383 819 558 875 sphaerae
586 818 732 860 eodem
758 818 885 874 plano
913 832 966 859 ex
994 817 1138 859 eadem
1166 825 1284 872 parte
1313 817 1538 859 abscissum
1569 816 1623 858 ad
1651 815 1892 872 gravitatem
1920 815 1964 855 in

265 894 468 951 integram
489 891 709 947 sphaeram.

320 965 446 1006 schol.
475 962 635 1004 Efidem
654 961 812 1002 ratione
833 961 866 1002 si
889 959 927 1002 B
941 960 1020 1002 Ab
1033 975 1058 1002 a
1077 961 1129 1001 sit
1148 960 1349 1015 sphaerois
1371 961 1510 1002 oblata
1528 967 1644 1002 motu
1664 959 1810 1015 figurae
1830 957 1869 999 B
1883 956 1923 999 A
1934 956 1964 998 b

193 1045 197 1048 ’
265 1035 373 1076 circa
392 1046 510 1074 axem
530 1031 731 1075 minorem
752 1031 789 1073 B
803 1031 832 1072 b
850 1030 1002 1087 genita,
1024 1030 1100 1073 erit
1118 1031 1297 1087 gravitas
1320 1031 1363 1072 in
1387 1030 1664 1086 sphaeroidem
1682 1029 1790 1071 hanc
1809 1028 1854 1069 in
1871 1027 1966 1069 loco
2026 1088 2029 1090 .

1250 1292 1517 1354 'r‘

1394 1513 1639 1706 R

532 1384 1092 1988 ι·

1394 1708 1679 2136 ξ

261 2256 303 2297 Α
325 2257 378 2297 ad
396 2256 636 2314 gravitatem
656 2261 699 2301 in
719 2261 863 2302 eodem
883 2261 976 2302 loco
995 2259 1137 2301 verssis
1158 2260 1364 2315 sphaeram
1384 2267 1526 2302 centro
1547 2260 1584 2301 C
1607 2259 1728 2300 radio
1757 2259 1794 2300 C
1815 2249 1855 2299 A
1884 2258 1957 2299 de·
2030 2263 2039 2268 '

261 2326 465 2381 scriptam,
488 2337 533 2370 ut
555 2329 729 2372 CA2><
751 2329 1097 2373 cs—Cssssx
1119 2330 1321 2384 CFad}
1342 2328 1472 2372 CF2.

651 2443 1027 2488 PROPOSITIO
1060 2442 1556 2485 IV.-PROBLEMA.

257 2555 326 2595 Eae
346 2555 453 2596 datis
472 2556 621 2597 viribus
639 2558 777 2611 quibus
803 2557 940 2598 Terrce
959 2559 1176 2611 particulae
1198 2557 1410 2612 gravitant
1429 2554 1559 2598 versvks
1579 2555 1704 2597 Solem
1724 2561 1762 2595 et
1780 2554 1952 2602 Lunam,

314 2626 491 2666 invenire
492 2627 674 2680 figuram
695 2642 810 2682 quam
837 2629 965 2670 Terra
986 2629 1166 2669 indueret
1187 2630 1230 2669 in
1250 2629 1418 2683 ⁸§syzygiis
1439 2629 1500 2669 vel
1521 2627 1778 2682 quadraturis
1797 2625 1900 2667 Solis
1918 2630 1957 2665 et

313 2695 446 2735 Lzmae
465 2696 508 2735 in
526 2696 730 2750 hypothesi
751 2696 855 2752 qubd
884 2698 1013 2739 Terra
1034 2705 1180 2740 constet
1199 2713 1247 2740 ea*
1247 2698 1388 2754 fluido
1407 2698 1650 2752 homogeneo,
1666 2703 1704 2738 el
1722 2697 1828 2737 circa
1843 2709 1955 2736 axem

311 2778 418 2805 suum
437 2779 516 2805 non
536 2774 747 2809 moveatur.

315 2876 508 2920 Gravitas
537 2879 580 2922 in
609 2880 701 2922 loco
722 2882 762 2922 A
782 2881 922 2923 νει-δὺς
953 2880 1229 2936 sphaeroidem
1252 2881 1476 2938 oblongam
1498 2887 1615 2925 motu
1634 2878 1780 2934 figurae
1810 2878 1852 2927 A
1873 2877 1911 2926 B
1930 2891 1956 2918 a

258 2945 368 2987 circa
395 2962 515 2989 axem
543 2957 815 2993 transversam
846 2952 887 2993 A
906 2966 931 2992 a
958 2952 1153 3007 genitam,
1185 2958 1247 2991 est
1274 2951 1328 2991 ad
1357 2951 1599 3007 gravitatem
1626 2948 1670 2991 in
1689 2947 1835 2988 eodem
1862 2946 1955 2996 loco

258 3024 399 3067 versas
422 3027 625 3080 sphaeram
646 3037 786 3071 centro
809 3029 845 3071 C
864 3029 979 3070 radio
1001 3030 1037 3070 C
1060 3031 1099 3070 A
1120 3029 1379 3084 descriptam,
1401 3037 1447 3070 ut
1468 3035 1492 3070 3
1513 3029 1541 3070 b
1561 3028 1577 3053 2
1593 3032 1625 3066 Χ
1650 3020 1806 3070 17:2-
1826 3026 1879 3068 ad
1897 3041 1920 3068 c
1937 3025 1955 3050 ³
