2092 3470
0 1295 9 1399 *μήνὴ
0 1142 8 1243 wr
0 1089 2 1113 „v

748 593 1270 646 MONITUM.

151 773 521 839 ancrmonmu
561 795 1015 839 ΜΑΤΗΕΜΑΤῙοοΒυΜ
1050 796 1202 839 Libros
1239 805 1324 839 tres
1357 798 1532 841 totidem
1567 799 1861 842 Voluminibus

152 873 372 928 complecti
390 872 705 923 meditabamur,
737 871 863 929 idque
885 873 974 928 jam
993 873 1037 914 in
1057 871 1185 915 altera
1205 872 1343 928 operis
1361 871 1495 914 nostri
1511 878 1631 927 parte
1650 869 1860 912 fueramus

150 943 337 999 polliciti.
400 943 488 985 Cur
506 943 674 984 tertium
695 942 889 984 Newtoni
909 943 1087 984 Librum
1105 943 1149 984 in
1169 942 1271 984 duas
1291 942 1522 984 dividamus
1540 948 1680 997 partes
1700 940 1860 983 datam-

149 1031 232 1072 que
261 1016 388 1057 fidem
414 1030 499 1056 non
524 1016 759 1066 liberemus,
784 1016 830 1057 in
861 1015 983 1057 causti
1014 1023 1111 1057 sunt
1136 1015 1339 1072 praeclara
1368 1015 1421 1057 de
1453 1016 1489 1057 F
1489 1015 1593 1056 luxu
1615 1022 1657 1055 et
1678 1015 1862 1057 Refluxu

151 1086 288 1128 Maris
310 1085 453 1141 Opera
473 1101 568 1142 quae
590 1101 700 1128 anno
724 1091 848 1131 1740.
870 1101 896 1128 a
913 1086 1179 1128 celeberrima
1202 1087 1426 1129 Parisiensi
1438 1085 1665 1128 Academia
1684 1087 1861 1142 praemio

147 1157 263 1199 fuere
283 1157 568 1199 condecorata.
620 1158 707 1199 Tot
726 1165 767 1199 et
782 1165 868 1199 tam
887 1157 1040 1199 eximia
1059 1158 1103 1199 in
1122 1157 1236 1199 hisce
1256 1157 1450 1213 operibus
1471 1158 1748 1208 continentur,
1766 1172 1862 1213 quae

148 1244 236 1273 non
253 1228 311 1271 ad
328 1229 490 1270 fluxum
509 1229 796 1285 refluxumque
809 1228 935 1270 maris
949 1228 1165 1279 duntaxat,
1183 1228 1258 1270 sed
1272 1229 1396 1270 etiam
1411 1228 1466 1270 ad
1479 1228 1693 1286 generales
1710 1236 1862 1270 attrac-

146 1304 272 1346 tionis
309 1303 422 1361 leges
452 1303 770 1360 universamque
808 1303 1102 1344 astronomiam
1135 1301 1384 1354 referuntur,
1423 1310 1471 1344 ut
1502 1302 1656 1344 clariss.
1689 1302 1768 1344 Vir
1800 1302 1860 1344 D.

146 1377 186 1419 J.
204 1377 256 1419 L.
280 1377 556 1419 Calandrinus
576 1378 691 1432 cujus
712 1376 883 1418 consilia
910 1376 1095 1431 impense
1115 1390 1375 1426 veneramur,
1403 1389 1480 1417 nos
1501 1374 1655 1430 optime
1677 1374 1860 1416 facturos

140 1448 400 1503 judicaverit,
417 1449 451 1490 si
461 1449 662 1504 praedicta
678 1437 894 1503 Opuscula
912 1448 962 1488 iis
982 1447 1301 1504 adjungeremus
1316 1446 1676 1503 Propositionibus
1690 1462 1792 1503 quas
1808 1446 1862 1490 de

146 1520 264 1561 fluxu
285 1528 327 1562 et
345 1520 507 1562 refluxu
527 1521 653 1562 maris
672 1520 800 1561 habet
820 1520 1074 1570 Newtonus3
1104 1520 1217 1576 quod
1235 1520 1404 1575 quidem
1424 1518 1643 1561 commod&
1662 1519 1755 1561 fieri
1773 1534 1862 1561 non

145 1600 322 1648 poterat,
352 1593 433 1634 nisi
461 1593 629 1634 tertium
650 1592 827 1634 Librum
846 1592 890 1633 in
910 1592 1013 1634 duas
1032 1599 1171 1647 partes
1191 1591 1482 1634 divideremus.
1544 1591 1748 1641 Quamvis
1769 1605 1863 1632 eam

145 1663 338 1721 religiose
359 1673 570 1705 servemus
589 1663 738 1721 legem,
760 1663 850 1705 sine
869 1662 950 1720 qua
973 1663 1172 1704 honestus
1192 1663 1369 1718 scriptor
1386 1677 1512 1704 nemo
1533 1677 1623 1704 esse
1642 1669 1793 1718 potest,
1815 1669 1864 1703 ut

147 1735 301 1777 scilicet
319 1735 423 1776 nihil
443 1735 604 1792 insigne
627 1750 680 1776 ex
699 1735 838 1791 aliquo
857 1742 1000 1776 autore
1019 1735 1062 1775 in
1082 1749 1205 1776 usum
1224 1742 1414 1776 nostrum
1433 1742 1737 1785 convertamus,
1760 1735 1862 1791 quin

146 1807 185 1848 ei
214 1807 328 1863 quod
357 1822 478 1848 suum
508 1814 582 1856 est,
615 1805 722 1847 dum-
744 1806 860 1848 locus
890 1806 1082 1857 occurrit,
1104 1806 1325 1856 tribuatur,
1347 1805 1568 1861 specialem
1587 1803 1862 1846 nihilominus

146 1880 255 1936 grati
284 1879 410 1920 animi
440 1879 782 1936 significationem
810 1878 999 1934 profiteri
1027 1878 1218 1920 volumus
1247 1877 1482 1919 clarissimis
1514 1877 1712 1933 omnique
1738 1876 1862 1918 laude

146 1949 289 1990 nostra
318 1949 542 2005 majoribus
574 1949 672 1990 viris
702 1949 806 1991 DD.
831 1948 1007 1998 Cassini,
1030 1948 1083 1989 de
1104 1948 1286 1998 Mairan,
1308 1948 1361 1990 de
1382 1946 1661 2004 Maupertuis,
1684 1961 1863 2003 quorum

146 2020 357 2075 praeclaris
384 2020 560 2061 inventis
579 2019 807 2075 plurimum
827 2019 980 2060 debent
993 2018 1085 2060 haec
1104 2026 1247 2060 nostra
1268 2018 1590 2060 Commentaria.
1649 2017 1733 2059 Sed
1747 2026 1862 2060 tanta

148 2098 244 2132 sunt
266 2090 310 2130 in
330 2090 568 2131 universum
595 2089 727 2131 hocce
753 2098 942 2131 nostrum
964 2089 1084 2145 Opus
1113 2089 1360 2144 praelaudati
1383 2089 1539 2130 clariss,
1560 2088 1619 2130 D.
1640 2088 1680 2130 J.
1703 2087 1755 2129 L.
1779 2089 1862 2130 Ca-

146 2162 326 2204 landrini
354 2162 568 2212 beneficia,
600 2170 648 2203 ut
674 2161 773 2203 huic
801 2162 1039 2203 doctissimo
1069 2163 1159 2203 viro
1184 2177 1306 2218 pares
1335 2162 1494 2203 meritis
1521 2161 1676 2218 gratias
1706 2160 1861 2202 referre

146 2250 233 2276 non
252 2236 472 2291 possimus.

204 2306 300 2347 Jam
320 2306 397 2347 sub
430 2306 564 2361 praelo
585 2313 646 2347 est
666 2305 796 2347 altera
814 2313 856 2346 et
874 2304 1022 2346 ultima
1044 2304 1448 2346 Commentariorum
1466 2311 1708 2346 nostrorum
1730 2305 1834 2346 Pars
1845 2320 1858 2355 3

149 2376 248 2432 quia
275 2375 375 2417 vero
402 2376 541 2418 nullus
562 2385 624 2418 est
644 2384 730 2417 tam
749 2375 970 2417 mediocris
989 2375 1158 2431 ingenii,
1191 2389 1314 2430 quem
1333 2390 1432 2416 usus
1453 2383 1495 2416 et
1514 2375 1753 2416 exercitatio
1771 2390 1858 2416 non

149 2449 360 2499 edoceant,
391 2449 490 2491 hinc
519 2449 674 2491 factum
694 2457 756 2490 est
774 2456 823 2490 ut
841 2448 980 2503 aliqua
999 2448 1120 2488 nobis
1149 2449 1193 2488 in
1220 2455 1402 2489 mentem
1421 2448 1610 2489 venerint
1630 2462 1723 2503 quae
1741 2447 1858 2489 brevi

149 2521 321 2562 collecta
354 2522 583 2576 appendice
613 2521 735 2563 simul
764 2535 861 2562 cum
890 2517 1047 2575 reliquii
1078 2519 1187 2560 tertii
1217 2519 1337 2561 Libri
1365 2526 1483 2574 parte
1506 2518 1609 2574 justi
1637 2518 1856 2560 voluminis

149 2592 302 2634 molem
322 2600 585 2649 component.

1259 2761 1383 2791 Datum
1400 2760 1508 2790 Romoe
1538 2788 1542 2792 .

1058 2816 1094 2847 in
1111 2815 1206 2847 Conm-
1224 2818 1293 2848 SS‘.
1319 2817 1478 2847 Trinitatis
1491 2825 1574 2847 anno
1592 2815 1682 2845 1742.

894 2886 947 2918 ΔΞ
