2092 3470
1315 62 1337 81 δ

228 219 282 255 46
628 211 1075 262 PHILOSOPHIAE
1106 215 1466 261 NATURALIS
1509 217 1603 269 [DE
1621 216 1782 259 Mum).
1800 217 1924 261 Srsr.

229 325 283 366 ad
319 328 449 374 10673
480 324 655 380 ideoque
683 324 727 364 in
757 325 1045 380 conjunctione
1073 326 1189 367 Jovis
1221 335 1261 368 et
1294 328 1472 378 Saturni,
1509 329 1704 384 quoniam
1733 328 1926 370 distantia

233 396 400 437 Saturni
428 411 453 436 a
481 395 584 437 Jove
613 403 675 457 est
703 395 757 436 ad
786 395 1021 437 distantiam
1053 398 1220 438 Saturni
1249 413 1274 439 a
1305 399 1400 441 Sole
1420 399 1504 441 fere
1524 408 1570 441 ut
1590 406 1616 440 4
1637 400 1691 441 ad
1712 407 1751 450 9,
1775 401 1826 455 (ι’)
1847 401 1926 442 erit

229 467 406 523 gravitas
440 467 606 508 Saturni
638 467 683 507 in
715 467 862 509 Jovem
896 468 950 508 ad
983 469 1226 524 gravitatem
1254 471 1421 512 Saturni
1455 472 1499 512 in
1536 473 1675 514 Solem
1708 482 1754 513 ut
1784 478 1835 514 81
1870 472 1926 513 ad
1976 467 1979 470 ’

235 542 285 578 16
319 545 353 578 Χ
377 540 494 581 ’1067
529 551 603 578 seu
641 543 658 577 1
699 537 753 578 ad
788 542 865 578 211
902 538 1076 579 circiter.
1151 539 1208 580 Et
1239 539 1338 581 hinc
1368 540 1498 582 oritur
1530 542 1784 596 perturbatio
1814 542 1926 583 orbis

235 609 401 661 Saturni
430 609 474 650 in
503 609 674 665 singulis
702 609 879 663 planetae
910 609 1031 665 hujus
1061 625 1155 650 cum
1176 611 1280 652 Jove
1300 613 1655 667 conjunctionibus
1676 613 1780 655 adeo
1801 614 1928 655 sensi-

231 678 324 719 bilis
345 686 391 719 ut
410 678 462 720 ad
484 679 658 719 eandem
684 679 908 726 astronomi
927 678 1128 720 haereant.
1189 681 1236 734 (⁶)
1261 680 1346 721 Pro
1365 682 1479 722 vario
1501 682 1583 723 situ
1600 682 1780 737 planetae
1802 684 1846 724 in
1865 683 1929 724 his

233 750 605 806 conjunctionibus,
637 738 914 791 eccentricitas
942 751 1028 805 ejus
1048 765 1158 792 nunc
1178 758 1364 808 augetur,
1395 767 1507 793 nunc
1526 753 1782 804 diminuitur,
1804 753 1931 809 aphe-

233 822 334 862 lium
360 836 471 862 nunc
499 811 780 876 promovetur,
811 835 921 862 nunc
941 821 1046 863 sorte
1067 821 1303 872 retrahitur,
1333 830 1374 863 et
1391 823 1552 864 medius
1571 831 1707 864 motus
1727 838 1804 878 per
1822 825 1932 865 vices

234 891 484 933 acceleratur
515 899 555 932 et
584 891 827 932 retardatur.
887 891 938 946 (d)
971 892 1103 933 Error
1132 900 1269 934 tamen
1298 894 1432 934 omnis
1460 894 1503 934 in
1529 902 1645 936 motu
1671 895 1757 950 ejus
1779 894 1934 936 circum

237 965 376 1006 Solem
396 980 420 1004 a
438 963 551 1005 tanta
571 963 612 1004 vi
630 963 828 1004 oriundus
851 966 1142 1019 (praeterquam
1162 964 1206 1005 in
1226 957 1515 1018 motu'medio)
1534 966 1676 1007 evitari
1695 966 1780 1008 fere
1800 973 1936 1021 potest

235 1035 522 1077 constituendo
551 1034 791 1075 umbilicum
820 1034 1056 1076 inferiorem
1085 1036 1196 1077 orbis
1227 1037 1314 1092 ejus
1339 1036 1383 1078 in
1407 1039 1615 1079 communi
1637 1038 1779 1081 centro
1800 1038 1935 1095 gravi-

236 1109 330 1149 tatis
350 1108 465 1149 Jovis
485 1115 526 1148 et
548 1108 655 1149 Solis
677 1110 769 1162 (per
790 1107 920 1162 Prop.
939 1107 1129 1149 LXVII.
1153 1108 1246 1150 Lib.
1267 1109 1319 1161 Ι.)
1341 1117 1381 1150 et
1399 1118 1619 1164 propterea
1638 1111 1711 1152 ubi
1730 1102 1946 1151 maximuff

239 1187 314 1229 est,
344 1178 416 1219 vix
446 1185 613 1232 superat
641 1177 800 1218 minuta
827 1177 912 1218 duo
939 1178 1086 1232 prima.
1148 1178 1204 1219 Et
1233 1194 1349 1220 error
1376 1181 1580 1222 maximus
1601 1181 1643 1221 in
1663 1189 1779 1222 motu
1799 1179 1938 1225 medio

241 1250 313 1291 vix
347 1255 515 1302 superat
547 1247 708 1287 minuta
741 1246 824 1287 duo
854 1247 988 1300 prima
1021 1248 1245 1290 annuatim.
1306 1250 1355 1303 (²²1)
1392 1250 1444 1290 ln
1478 1251 1765 1306 conjunctione
1800 1258 1939 1292 autem

245 1320 359 1362 Jovis
393 1327 435 1359 et
471 1318 639 1359 Saturni
672 1318 891 1374 gravitates
925 1317 1227 1360 acceleratrices
1260 1320 1367 1362 Solis
1396 1321 1440 1361 in
1473 1323 1712 1374 Saturnum,
1744 1322 1861 1364 Jovis
1896 1322 1939 1362 in

246 1418 470 1459 Saturnum
497 1423 538 1457 et
556 1415 671 1458 Jovis
690 1415 734 1456 in
756 1415 896 1457 Solem
918 1423 1014 1457 sunt
1030 1415 1117 1458 fere
1135 1425 1182 1458 ut
1204 1423 1270 1468 16,
1298 1423 1347 1459 81
1373 1425 1414 1459 et
1437 1399 1852 1502 ΙΨ
1868 1434 1940 1461 seu

249 1537 429 1581 156609,
466 1531 642 1587 ideoque
674 1530 904 1572 differentia
934 1531 1182 1588 gravitatum
1213 1533 1320 1574 Solis
1354 1534 1398 1573 in
1432 1533 1656 1575 Saturnum
1683 1540 1726 1574 et
1753 1533 1868 1579 Jovis
1896 1533 1940 1574 in

249 1603 474 1644 Saturnum
504 1611 567 1644 est
595 1602 647 1643 ad
677 1602 921 1658 gravitatem
950 1602 1065 1644 Jovis
1094 1603 1138 1643 in
1169 1603 1308 1644 Solem
1338 1611 1385 1644 ut
1409 1609 1462 1645 65
1488 1603 1541 1644 ad
1563 1608 1728 1645 156609
1750 1617 1821 1644 seu
1846 1609 1864 1644 1
1890 1602 1943 1644 ad

247 1678 373 1715 2409.
434 1673 552 1715 Huic
581 1680 719 1713 autem
748 1673 989 1714 differentiae
1017 1674 1335 1728 proportionalis
1364 1682 1426 1715 est
1452 1674 1632 1716 maxima
1663 1675 1830 1716 Saturni
1856 1674 1943 1715 effi-

245 1746 356 1786 cacia
389 1746 443 1788 ad
476 1745 804 1800 perturbandum
833 1753 992 1787 motum
1026 1746 1153 1796 Jovis,
1195 1754 1237 1787 et
1274 1754 1495 1801 propterea
1528 1746 1787 1801 ,perturbatio
1826 1745 1939 1786 orbis

247 1817 274 1858 J
277 1815 418 1857 ovialis
443 1814 566 1872 longe
585 1816 720 1856 minor
740 1823 801 1856 est
820 1815 944 1871 quam
964 1831 1013 1857 ea
1035 1817 1227 1858 Saturnii.
1293 1817 1564 1873 Reliquorum
1589 1817 1752 1874 orbium
1779 1824 1944 1872 pertur-

246 1889 432 1930 bationes
453 1895 550 1929 sunt
569 1886 705 1928 adhuc
724 1886 848 1944 longe
867 1888 1047 1929 minores
1071 1886 1119 1943 (f)
1135 1896 1410 1944 praeterquam
1430 1888 1542 1944 quod
1561 1889 1671 1929 orbis
1687 1887 1834 1929 Terrae
1853 1903 1945 1930 sen-

249 1961 418 2002 sibiliter
437 1960 704 2015 perturbatur
723 1975 747 2000 a
778 1960 912 2003 Luna.
973 1961 1024 2015 (g)
1050 1961 1281 2003 Commune
1302 1967 1489 2001 centrum
1508 1959 1718 2016 gravitatis
1739 1960 1885 2001 Terrae
1905 1967 1947 2001 et

250 2031 397 2080 Lunae,
430 2030 594 2085 ellipsin
623 2030 779 2071 circum
806 2029 948 2071 Solem
976 2030 1021 2072 in
1044 2031 1239 2072 umbilico
1259 2030 1441 2085 positum
1460 2031 1675 2085 percurrit,
1698 2038 1739 2071 et
1757 2030 1874 2071 radio
1893 2030 1948 2071 ad

253 2101 390 2143 Solem
420 2100 544 2141 ducto
573 2114 689 2141 areas
718 2099 762 2139 in
792 2098 935 2141 eadem
956 2100 1208 2154 temporibus
1228 2099 1556 2155 proportionales
1576 2099 1780 2149 describit,
1814 2099 1948 2141 Terra

251 2172 349 2214 vero
370 2173 525 2214 circum
543 2172 625 2214 hoc
644 2179 831 2214 centrum
852 2186 1069 2213 commune
1089 2179 1206 2213 motu
1225 2180 1437 2213 menstruo
1456 2171 1688 2212 revolvitur.

294 2340 339 2382 (b)
358 2342 374 2359 ⁴*
396 2342 468 2372 Erit
486 2343 616 2381 gravitas
638 2342 767 2373 Saturni
789 2343 823 2373 in
838 2343 942 2374 Jovem
965 2341 1076 2383 (Prop.
1162 2341 1211 2382 (e)
1228 2342 1245 2360 ³*
1263 2342 1305 2372 In
1319 2340 1528 2380 conjunctione
1541 2344 1643 2370 autem
1657 2339 1746 2370 Jovis.
1790 2336 1947 2373 Quoniam

256 2382 389 2422 V11L).
1122 2383 1155 2413 in
1177 2382 1392 2423 conjunctione
1413 2381 1500 2412 Jovis
1520 2386 1551 2410 et
1573 2379 1874 2416 Saturnisdistantia
1892 2380 1947 2410 Sa-

296 2424 341 2467 (⁰)
359 2427 376 2444 “““
395 2427 457 2457 Pro
477 2427 557 2457 vario
577 2427 637 2457 situ
654 2427 792 2466 planetae.
843 2426 1011 2456 Saturnum
1033 2424 1080 2454 his
1121 2425 1205 2455 turni
1220 2435 1239 2454 a
1255 2424 1334 2460 Sole,
1354 2423 1476 2454 Saturni
1491 2433 1509 2452 a
1520 2423 1607 2459 Jove,
1623 2429 1654 2452 et
1665 2421 1753 2453 Jovis
1763 2431 1783 2452 a
1794 2421 1865 2451 Sole
1875 2427 1948 2452 sunt

252 2467 529 2507 perturbationibus
543 2468 711 2498 obnoxium
729 2478 793 2498 esse
813 2473 897 2506 patet
920 2470 988 2508 (per
1006 2467 1076 2497 Cor.
1122 2468 1202 2497 inter
1215 2476 1247 2495 se
1261 2471 1297 2495 ut
1312 2470 1341 2502 9,
1357 2470 1377 2496 4
1392 2471 1423 2496 et
1438 2468 1467 2501 5,
1484 2464 1609 2500 circiter,
1623 2463 1785 2504 gravitates
1798 2463 1947 2494 accelera-

253 2514 283 2540 6.
302 2513 331 2541 7.
350 2513 378 2539 8.
394 2514 422 2541 9.
444 2509 536 2548 Prop.
557 2510 687 2540 LXVI.
708 2510 777 2540 Lib.
799 2509 857 2548 1.).
1123 2510 1211 2540 trices
1229 2507 1307 2538 Solis
1327 2508 1361 2537 in
1385 2508 1561 2543 Saturnum,
1585 2507 1672 2538 Jovis
1685 2506 1718 2535 in
1737 2506 1903 2536 Saturnum
1917 2511 1950 2536 et

297 2552 339 2592 (⁶)
357 2554 373 2571 ²*
392 2553 491 2583 Error
512 2558 615 2583 tamen
635 2553 741 2582 omnis.
792 2552 822 2581 Si
844 2549 884 2581 ad
902 2550 1079 2581 evitandum
1183 2577 1192 2584 ,
1223 2577 1231 2584 ,
1556 2551 1570 2578 l
1625 2552 1638 2578 1
1706 2551 1786 2577 8021

254 2604 378 2624 omnem
402 2593 466 2624 fere
491 2603 634 2627 errorem,
661 2593 741 2623 orbis
765 2593 887 2623 Saturni
916 2592 1080 2622 umbilicus
1121 2579 1208 2611 J⁰V¹⁵
1222 2587 1255 2607 ¹¹¹
1273 2576 1374 2608 solem
1389 2580 1479 2606 erunt
1493 2580 1528 2604 ²¹¹²
1541 2593 1593 2631 ᾖ»
1610 2593 1650 2631 Tg
1665 2579 1696 2604 et
1729 2603 1769 2631 25
1800 2574 1869 2615 (Fer
1878 2571 1949 2603 0⁰¹⁸·

255 2637 323 2676 (per
347 2636 438 2674 Pmp.
466 2635 617 2666 LXVII.
646 2635 715 2665 Lib.
738 2635 783 2675 Ι.)
806 2635 924 2664 locetur
943 2633 974 2663 in
994 2644 1078 2663 com-
1127 2651 1153 2678 1·
1196 2647 1287 2684 prop·
1328 2643 1451 2683 VIII.)
1494 2644 1553 2674 hoc
1588 2648 1642 2679 esf,
1679 2648 1716 2672 ut
1754 2644 1803 2679 15,
1841 2642 1879 2670 81
1917 2645 1949 2671 et

254 2678 342 2707 muni
367 2684 473 2708 centro
498 2676 654 2718 gravitatis
677 2677 765 2708 Jovis
789 2682 820 2707 et
840 2676 933 2712 Solis,
963 2676 1080 2706 theoria
1125 2694 1161 2720 ¹5
1179 2693 1213 2725 χ
1232 2691 1265 2717 31
1294 2691 1326 2723 χ
1350 2689 1429 2716 3021

258 2719 379 2749 Saturni
402 2719 493 2760 juxta
511 2721 590 2750 hanc
611 2719 803 2759 hypothesim
825 2718 990 2748 constituta
1008 2718 1080 2747 satis
1119 2732 1444 2771 ——7-5——·

254 2761 393 2792 accurate
408 2762 549 2802 congruit
563 2771 635 2791 cum
649 2761 867 2800 pbaenomenis,
891 2758 933 2789 ita
947 2766 983 2790 ut
997 2769 1080 2789 error
1259 2748 1276 2770 Δ
1636 2796 1642 2803 ⁸

254 2802 307 2841 qui
333 2813 370 2832 ex
395 2803 452 2833 hac
474 2803 634 2844 hypothesi
655 2803 760 2838 oritur,
779 2803 834 2832 ubi
853 2801 1006 2831 maximus
1025 2807 1080 2837 est,
1165 2799 1213 2841 (f)
1231 2802 1247 2818 ⁰
1267 2801 1473 2837 Praeterquam
1488 2798 1567 2836 quod
1581 2796 1656 2826 orbis
1675 2795 1784 2843 TerrAae·
1833 2791 1951 2822 Orbem

256 2844 304 2872 vix
321 2852 441 2882 superet
455 2849 577 2877 minuta
591 2845 654 2875 duo
669 2845 777 2884 prima,
790 2850 822 2875 et
832 2854 915 2874 error
928 2843 1083 2873 maximus
1128 2843 1231 2872 Terrae
1253 2840 1433 2870 sensibiliter
1453 2837 1621 2877 perturbari
1635 2847 1654 2867 a
1669 2836 1762 2867 Luna
1775 2833 1952 2864 ostendetur

255 2885 287 2915 in
304 2893 390 2915 motu
405 2887 506 2917 medio
520 2889 570 2918 vix
586 2888 713 2917 minutis
727 2887 848 2917 duobus
862 2885 968 2924 primis
983 2895 1082 2915 annu·
1126 2884 1269 2922 deinceps
1282 2882 1336 2912 ubi
1350 2883 1395 2911 vis
1412 2882 1513 2912 Lunae
1527 2879 1699 2910 definietur.

256 2928 330 2957 atim
352 2929 448 2968 major
469 2932 650 2960 observetur.
701 2930 787 2959 Hinc
807 2938 868 2958 non
887 2937 995 2967 parum
1010 2937 1083 2957 con·
1703 2963 1710 2969 ·
1757 2961 1764 2968 .

256 2970 416 2999 firmantur
437 2980 473 3000 ea
486 2981 555 3010 quae
570 2972 607 3001 de
622 2970 733 3002 mutua
751 2971 942 3010 planetarum
965 2977 1084 3009 pertur-
1173 2966 1219 3008 (⁸)
1239 2969 1256 2987 *⁸
1277 2970 1442 2998 Commune
1467 2970 1605 3012 cmm-msa
1623 2967 1777 3002 gravitalls
1803 2962 1952 2991 Tm-el

257 3011 378 3042 batione
392 3013 539 3043 hactenus
553 3013 633 3044 dicta
647 3020 729 3044 suut.
1129 3012 1240 3041 Lunae.
1289 3009 1398 3050 (I'rop.
1419 3007 1528 3038 LXV.
1554 3007 1622 3036 Lib.
1643 3003 1690 3043 1.)
