2092 3470
184 206 332 248 met
353 203 592 254 Tannus]
652 198 974 242 PRINCIPIA
1004 199 1497 247 MATHEMATICA.
1827 207 1880 246 35

182 320 405 376 majoribus
419 317 622 360 distantiis
637 315 826 358 accurate
843 316 1058 366 obtineret,
1078 329 1211 370 prope
1231 316 1493 370 superficiem
1511 319 1687 372 planetae
1706 317 1762 360 ob
1780 318 1882 359 inae-

178 391 319 448 quales
357 388 653 446 particularum
691 387 905 428 distantias
944 394 987 428 et
1026 386 1127 427 situs
1167 385 1398 436 dissimiles,
1440 389 1674 430 notabiliter
1714 396 1887 433 erraret..

180 463 369 507 Tandem
389 460 502 511 vero,
525 459 574 515 (f)
594 474 670 515 per
691 459 818 514 Prop.
837 458 1026 500 LXXV.
1047 465 1089 499 et
1109 458 1324 499 LXXVI.
1347 458 1468 499 Libri
1486 459 1610 513 primi
1630 468 1671 501 et
1699 461 1886 516 ipsarum

185 532 428 582 Corollaria,
450 530 636 572 intellexi
655 530 869 571 veritatem
891 528 1192 584 Propositionis
1213 528 1266 570 de
1286 527 1367 584 qua
1387 527 1457 569 hic
1478 529 1626 586 agitur.

238 606 369 647 Corol.
394 609 430 644 1.
491 603 608 644 Hinc
637 602 812 643 inveniri
831 610 873 643 et
891 601 999 643 inter
1019 616 1062 642 se
1083 601 1316 656 comparari
1334 609 1511 656 possunt
1529 601 1717 656 pondera
1736 618 1887 658 corpo-

178 661 273 717 rum
303 676 348 715 in
381 675 564 716 diversos
598 674 798 730 planetas.
859 673 972 715 Nam
1001 672 1190 728 pondera
1221 687 1446 728 corporum
1478 674 1700 729 aequalium
1730 675 1890 719 circum

177 747 364 803 planetas
392 747 437 787 in
466 746 627 788 circulis
656 745 956 787 revolventium
984 751 1080 786 sunt
1109 747 1203 799 (per
1234 745 1376 786 Corol.
1398 750 1438 787 2.
1463 744 1590 801 Prop.
1612 746 1690 787 IV.
1712 746 1807 791 Lib.
1831 747 1883 800 Ι.)

177 824 226 858 ut
243 816 435 858 diametri
464 815 716 857 circulorum
744 813 899 856 directe
928 821 969 856 et
989 813 1189 871 quadrata
1217 821 1452 870 temporum
1484 815 1794 871 periodicorum
1822 816 1886 857 in—

177 887 294 930 verse
306 904 318 938 3
363 895 404 929 et
437 888 624 943 pondera
643 886 698 928 ad
731 886 969 942 superficies
999 885 1273 941 planetarum,
1310 885 1464 928 aliasve
1498 884 1662 942 quasvis'
1691 902 1722 927 a·
1745 895 1910 928 centro-

180 961 407 1011 distantias,
434 962 592 1017 majora
612 967 708 1002 sunt
725 959 791 1001 vel
810 959 972 1001 minora
993 960 1086 1013 (per
1103 957 1212 999 hanc
1235 958 1584 1012 Propositionem)
1615 958 1660 999 in
1680 958 1893 1013 duplicata,

178 1033 337 1074 ratione
367 1032 653 1073 distantiarum
683 1030 858 1072 inversa.
925 1029 995 1072 Sic
1014 1044 1067 1071 ex
1086 1029 1341 1084 temporibus
1370 1029 1590 1085 periodicis
1611 1030 1787 1072 Veneris
1809 1032 1888 1072 cir-

176 1119 271 1146 cum
303 1103 444 1146 Solem
472 1102 634 1144 dierum
663 1107 745 1144 224
777 1109 819 1143 et
846 1100 1044 1142 horarum
1075 1100 1167 1153 162
1203 1099 1385 1143 satellitis
1406 1099 1551 1141 extimi
1572 1101 1887 1156 circumjovialis

177 1177 333 1218 circum
361 1177 508 1218 Jovem
538 1175 699 1217 dierum
731 1180 782 1216 16
815 1181 856 1215 et
883 1173 1080 1214 horarum
1110 1171 1229 1225 16ῑ85,
1262 1172 1442 1214 satellitis
1468 1172 1712 1229 Hugeniani
1734 1173 1894 1220 circum

181 1249 409 1291 Saturnum
437 1246 600 1287 dierum
632 1250 683 1287 15
715 1253 756 1286 et
783 1245 980 1286 horarum
1012 1243 1107 1295 223,
1136 1251 1178 1284 et
1199 1243 1334 1284 Lunae
1354 1243 1510 1284 circum
1531 1242 1708 1284 Terram
1729 1245 1890 1287 dierum

178 1323 246 1363 27.
267 1318 360 1359 hor.
383 1322 422 1361 7.
445 1317 544 1357 min.
566 1322 636 1366 43,
659 1315 816 1356 collatis
839 1329 934 1355 cum
954 1311 1147 1354 distantia
1168 1311 1367 1356 mediocri
1382 1313 1559 1354 Veneris
1579 1329 1605 1354 a
1622 1314 1718 1355 Sole
1738 1324 1780 1356 et
1795 1331 1890 1357 cum

177 1388 508 1446 elongationibus
542 1387 732 1428 maximis
766 1385 1071 1427 heliocentricis
1106 1383 1290 1426 satellitis
1325 1385 1469 1426 extimi
1508 1386 1823 1441 circumjovialis
1866 1404 1891 1429 a

177 1469 321 1503 centro
341 1460 455 1502 Jovis
478 1460 530 1502 8'.
555 1460 645 1500 16¹².
668 1458 852 1499 satellitis
875 1456 1120 1513 Hugeniani
1140 1471 1165 1496 a
1185 1463 1328 1496 centro
1347 1456 1515 1497 Saturni
1537 1458 1588 1498 3'.
1606 1458 1670 1498 4⁰.
1692 1466 1734 1498 et
1754 1458 1891 1500 Lunae

177 1549 203 1575 a
231 1540 375 1574 centro
405 1531 555 1572 Terrae
589 1530 666 1571 10‘.
690 1530 782 1571 33²2
815 1529 867 1585 (Β)
890 1535 1132 1585 computum
1161 1526 1354 1571 ineundo.
1372 1527 1512 1570 inveni
1532 1529 1645 1588 quod
1658 1544 1890 1587 vcorporum

220 1680 269 1724 (f)
286 1683 304 1702 ”
318 1684 381 1713 Per
396 1683 488 1721 Prop.
507 1681 652 1712 LXXV.
663 1686 692 1711 et
706 1679 872 1711 LXXVI.
892 1679 961 1710 Lib.
979 1679 1006 1710 I.

178 1724 232 1755 Ex
246 1724 440 1765 singulamm
454 1723 675 1762 particularum
686 1722 802 1752 viribus
813 1721 1010 1761 componitur
1243 1755 1252 1763 .

175 1767 222 1797 vis
236 1767 367 1806 planeta
380 1766 476 1797 totius
491 1766 581 1808 (Cor.
602 1769 630 1795 1-
655 1764 850 1804 Prop.V11.
856 1763 872 1804 )
892 1769 924 1794 et
936 1774 1011 1804 gra·-
1212 1767 1252 1801 α’

175 1809 284 1852 vitatio
306 1809 341 1839 in
365 1808 504 1862 singulas
523 1808 661 1847 corporis
681 1807 847 1847 particulas
865 1807 1009 1847 aequahs,
1052 1819 1084 1844 et
1139 1813 1227 1844 radio
1289 1814 1439 1845 existente

177 1858 225 1882 est
238 1850 392 1890 reciproce
413 1857 450 1882 ut
472 1851 658 1891 quadratum
673 1849 825 1881 distantiae
839 1849 978 1880 locormn
992 1859 1012 1879 a
1057 1860 1071 1887 1
1110 1856 1197 1887 sinus
1233 1855 1442 1897 elongationis

176 1894 335 1934 particulis
361 1895 430 1935 (per
447 1894 518 1924 Cor.
538 1897 568 1923 2.
599 1893 692 1932 Prop.
709 1891 875 1933 ejusdem).
923 1891 1012 1922 Hinc
1053 1899 1199 1929 mximae
1214 1899 1442 1929 heliocentricae

177 1937 224 1967 vis
242 1937 375 1976 planetae
395 1936 491 1967 totius
512 1935 682 1967 decrescis
672 1945 706 1965 ιιι
720 1934 877 1974 duplicata
891 1933 1010 1964 ratione
1052 1941 1203 1972 satellitis*
1215 1942 1254 1978 L,
1278 1942 1340 1972 sive
1354 1942 1442 1972 sinus

177 1978 392 2009 distantiarum
414 1989 433 2008 a
453 1985 570 2014 centro,
591 1977 687 2009 modo
706 1984 810 2008 tamen
824 1977 957 2016 planetae
972 1986 1010 2007 ex
1052 1983 1162 2025 anguli
1195 1984 1225 2014 L
1251 1985 1274 2015 S
1298 1984 1327 2014 P
1356 1984 1439 2015 dica-

178 2021 328 2051 uniformi
363 2019 494 2051 materia
528 2027 666 2051 constare
701 2026 857 2059 ponantur
894 2019 1006 2061 (Prop.
1052 2033 1105 2057 tur
1118 2036 1157 2064 ⁴³3

1050 1677 1115 1708 1v.
1133 1675 1324 1715 exprimatur
1344 1686 1399 1716 per
1419 1676 1575 1708 rationem
1589 1688 1608 1708 a
1627 1677 1668 1709 ad
1686 1680 1717 1716 b,v
1739 1678 1813 1711 inde
1832 1680 1891 1711 erit

180 2063 332 2095 LXXV.
351 2062 423 2093 Lib.
444 2063 471 2093 1.
478 2063 491 2103 )
515 2069 547 2093 et
560 2062 739 2111 hujusmodi
755 2062 886 2101 planetae
900 2061 964 2092 duo
978 2071 1011 2092 se

178 2104 292 2136 mutuo
306 2106 429 2136 trahent
439 2105 468 2134 vi
479 2104 692 2135 decrescente
682 2115 716 2134 ιιι
727 2103 884 2143 duplicata
894 2105 1013 2135 ratione

179 2148 335 2179 distantiae
360 2148 440 2178 inter
465 2154 570 2178 centra
595 2149 664 2189 (per
687 2146 856 2178 Corollaria
874 2146 1014 2187 ejusdem

181 2190 277 2230 Prop
284 2190 308 2230 ).
358 2190 509 2226 Quamvis
530 2196 635 2220 autem
656 2188 812 2228 planetae'
803 2199 835 2218 m
851 2199 1013 2229 progressu

179 2243 200 2264 a
213 2240 319 2264 centro
329 2232 370 2263 ad
384 2232 663 2263 circumferentiam
678 2242 741 2262 non
756 2232 817 2262 sint
831 2231 1011 2267 uniformes»,

179 2275 331 2307 obtinebit
344 2275 426 2305 idem
438 2275 694 2306 decrementum
685 2284 718 2304 ιιι
730 2274 847 2304 ratione
858 2272 1015 2313 duplicata

179 2317 334 2349 distantiae
357 2317 469 2359 (Prop.
492 2317 661 2348 LXXVI.
690 2317 760 2347 Lib.
781 2317 808 2346 1.
815 2315 833 2356 )
854 2316 880 2346 si
906 2326 1014 2346 secun-

181 2359 260 2391 dum
285 2370 514 2401 quamcumque
536 2360 638 2401 legem
657 2357 772 2389 cr'escat
793 2359 841 2389 vel
860 2358 1014 2389 decrescat

180 2402 316 2434 densitas
338 2403 372 2432 iu
388 2412 551 2442 progressu
573 2413 592 2432 a
609 2408 715 2432 centro
736 2401 776 2432 ad
795 2401 1011 2432 circumferen-

180 2445 267 2482 tiam,
291 2451 323 2476 et
347 2444 486 2475 similiter
510 2444 690 2485 hujusmodi
709 2444 840 2483 planetae
863 2444 927 2474 duo
949 2453 1014 2473 sese

181 2487 314 2518 invicem
327 2488 450 2518 trahent
463 2487 578 2518 viribus
591 2487 625 2517 in
639 2487 757 2517 ratione
772 2485 930 2525 duplicata
950 2486 1013 2517 dis-

121 2551 124 2553 ·
181 2530 350 2561 tantinum
364 2530 444 2560 intel*
458 2536 563 2560 centra
576 2529 831 2560 decrescentibus-

226 2592 274 2635 (⁸)
300 2596 353 2624 68
379 2595 397 2612 ⁸
427 2595 611 2634 Cornpumm
633 2595 777 2625 metando.
826 2595 844 2613 ¹⁶
874 2593 920 2629 Ut
947 2593 1014 2624 haec

182 2636 288 2667 omnia
302 2634 342 2665 ad
446 2635 510 2666 rica
522 2635 612 2676 signa
624 2643 824 2673 revocentur3
850 2636 890 2666 sit
907 2636 928 2666 S
942 2646 1014 2666 cen-

182 2685 267 2709 trum
292 2677 381 2714 Solis,
400 2678 431 2707 V
449 2684 590 2708 centrum
606 2678 746 2714 Veneris,
771 2679 800 2709 P
814 2685 955 2709 centrum
970 2678 1015 2709 al-

181 2721 278 2751 terius
301 2721 432 2759 planetae
457 2721 603 2759 primarii,
631 2721 661 2751 L
685 2721 833 2751 satelles'
823 2732 856 2751 m
878 2720 1017 2752 maxima

182 2762 241 2794 sus
262 2763 460 2803 elongatione
481 2763 697 2794 heliocentricii.
710 2774 805 2803 quam
819 2763 946 2794 metitur
959 2774 1014 2794 an-

181 2806 277 2846 gulus
293 2805 322 2836 L
340 2807 362 2835 S
379 2805 415 2841 P,
432 2804 516 2835 unde
530 2805 664 2846 angulus
681 2806 702 2836 S
719 2807 748 2836 L
767 2806 794 2836 P
808 2812 855 2837 est
868 2813 978 2837 rectus.

185 2848 318 2879 Dicatur
330 2854 452 2886 tempus
467 2847 656 2886 periodicum
672 2848 803 2879 Veneris
816 2855 850 2886 t;

181 2895 305 2930 tempus
326 2890 515 2929 periodicum
538 2890 675 2921 satellitis
689 2891 719 2922 L
734 2891 814 2922 circa
827 2891 1010 2931 primarium

184 2932 214 2963 P
228 2933 346 2964 dicatur
361 2935 386 2963 ἐ

185 2975 341 3006 Distantia
358 2967 379 3005 S
397 2975 425 3005 P
438 2974 671 3016 qualiscumque
685 2975 733 3011 sit,
757 2975 877 3007 dicatur
890 2987 926 3015 ις

182 3017 260 3048 ratio
285 3018 307 3049 S
334 3018 363 3048 P
387 3017 427 3048 ad
452 3018 474 3048 S
499 3017 530 3048 V
554 3027 625 3059 quae
650 3017 741 3049 datur
764 3029 819 3059 per
846 3001 1008 3053 Phae'nom.

1018 2427 1023 2440 2
1060 2407 1221 2443 Quoniam
1240 2407 1285 2436 vis
1303 2407 1382 2437 Solis
1405 2407 1438 2436 in

1056 2069 1146 2099 Hinc
1196 2068 1230 2098 in
1281 2069 1444 2110 triangulo

1058 2111 1080 2141 S
1118 2111 1147 2141 L
1180 2111 1208 2141 P
1245 2112 1437 2152 rectangulo‚

1056 2159 1114 2184 ent
1142 2153 1229 2184 sinus
1265 2160 1349 2184 totus
1384 2164 1438 2184 an-

1055 2195 1124 2236 guli
1152 2196 1173 2226 S
1200 2196 1229 2226 L
1260 2196 1287 2226 P
1317 2196 1369 2236 (l)
1399 2195 1439 2226 ad

1056 2238 1168 2268 sinum.
1186 2238 1293 2278 anguli
1325 2238 1353 2268 L
1372 2239 1393 2268 S
1411 2239 1439 2268 P

1059 2279 1105 2321 (e)
1135 2286 1172 2310 ut
1198 2280 1278 2310 latus
1301 2282 1323 2311 S
1343 2280 1368 2310 P
1391 2281 1437 2321 (z)

1057 2322 1098 2370 ad
1127 2322 1208 2352 latus
1244 2322 1273 2352 P
1298 2322 1326 2352 L
1356 2322 1438 2362 quod

1057 2370 1114 2395 ent
1128 2374 1204 2405 ergo
1219 2375 1285 2401 e.2;

1058 2449 1216 2480 Venerem
1244 2456 1277 2480 et
1303 2450 1349 2478 vis
1377 2449 1451 2488 pris

1056 2492 1143 2522 marii
1188 2492 1222 2522 in
1262 2492 1436 2528 satellitem,

1056 2541 1130 2565 sunt
1145 2545 1199 2574 per
1211 2535 1283 2565 Cor·
1298 2538 1326 2564 2.
1346 2534 1441 2573 Prop.

1059 2577 1120 2607 IV.
1141 2577 1212 2607 Lib.
1230 2577 1259 2607 Ι.
1274 2583 1309 2607 ut
1324 2577 1439 2606 distan-

1057 2619 1109 2650 tiae
1120 2619 1251 2651 Veneris
1262 2626 1292 2649 et
1302 2619 1440 2649 satellitis

1057 2673 1077 2693 a
1101 2669 1207 2693 centro
1231 2662 1310 2692 Solis
1327 2668 1358 2691 et
1378 2662 1440 2700 pri-

1057 2705 1147 2735 marii
1166 2705 1271 2735 divisae
1292 2714 1346 2743 per
1364 2714 1439 2743 qua-

1057 2747 1144 2778 drata
1175 2754 1351 2786 temporum
1382 2757 1436 2786 pe-

1057 2789 1253 2825 riodicorum,
1297 2789 1361 2818 sive
1400 2795 1436 2819 ut

1060 2833 1108 2862 bz

1051 2877 1122 2915 fft
1135 2843 1212 2890 ade

1197 2875 1255 2915 -Α,
1271 2857 1344 2894 sive,
1355 2855 1435 2887 sivis

1057 2952 1137 2983 Solis
1169 2952 1291 2983 dicatur
1329 2955 1356 2988 1,
1383 2951 1441 2981 erit
1464 2951 1510 2982 vis
1524 2950 1661 2991 primarii
1681 2930 1797 2976 [ie-tf

1100 3019 1162 3053 Sed
1190 3021 1237 3052 vis
1265 3019 1403 3061 primarii
1430 3020 1464 3051 in
1492 3020 1655 3052 satellitem
1682 2981 1893 3053 igpdismnui

1001 3077 1068 3108 E4
