2092 3470
485 201 740 246 FLUXUS
771 203 852 245 AC
886 201 1224 245 REFLUXUS
1255 203 1465 246 MARIS.
1747 210 1832 247 295

124 319 290 362 dratura
320 326 382 361 tot
408 318 576 360 minutis
604 325 701 373 post
728 318 959 360 transitum.
1021 317 1286 359 Contrarium
1305 318 1443 360 evenit
1462 319 1496 360 si
1520 318 1585 361 vel
1608 318 1732 361 Luna
1751 321 1831 363 sub

126 394 261 438 Terra
281 393 334 435 ad
353 393 629 434 meridianum
648 391 841 447 appellat,
864 391 930 433 vel
952 390 1024 433 Sol
1050 390 1093 431 in
1114 388 1288 431 solstitio
1307 390 1487 446 hyemali
1506 399 1702 433 versetur.
1762 393 1832 434 Ex

122 466 189 508 his
219 463 346 522 igitur
375 465 575 516 formulis,
610 466 645 506 si
676 465 828 506 tabulae
855 460 1141 514 adhibeantur,
1165 477 1251 504 non
1281 464 1359 505 erit
1387 465 1552 506 difficile
1578 480 1657 520 pro
1686 446 1832 522 quovis

122 538 216 580 loco
247 537 393 579 Terrae
423 536 477 578 ad
507 536 681 593 quodvis
708 544 872 591 tempus
892 536 1078 586 definire,
1101 542 1299 592 quantum
1318 536 1501 576 maxima
1520 551 1639 593 aquae
1660 533 1833 581 elevatio

124 607 343 650 transitum
371 607 506 648 Lunae
536 622 611 662 per
640 607 914 648 meridianum
934 607 1000 648 vel
1018 605 1255 662 praecedere
1273 595 1340 646 vel
1360 606 1476 661 sequi
1496 607 1666 657 debeat3
1696 609 1833 663 cujus-

121 680 238 723 modi
269 681 583 736 supputationes
614 681 839 723 maximam
871 680 994 721 etiam
1025 679 1197 721 afferent
1234 678 1465 729 utilitatem,
1507 680 1674 736 quando
1708 682 1833 725 etiam

121 751 284 792 inertiae
305 765 425 806 aquae
445 751 551 792 ratio
570 750 803 792 habebitur.

178 828 209 877 §.
233 827 302 869 67.
335 823 547 873 Quoniam
566 822 694 880 igitur
713 822 810 864 satis
831 830 894 863 est
912 821 1159 876 expositum,
1182 836 1266 877 quo
1284 831 1495 865 momento
1515 837 1629 866 mare
1649 823 1830 866 maxime

124 896 177 937 sit
196 896 413 945 elevatum,
435 895 660 936 maximam
680 909 845 950 quoque
862 893 987 934 maris
1008 893 1315 948 depressionem
1335 894 1509 936 definire
1529 895 1833 952 aggrediamur.

124 967 191 1009 Ac
210 965 346 1023 primo
367 966 534 1023 quidem
555 964 817 1008 manifestum
836 972 910 1015 est,
942 964 976 1006 si
996 964 1085 1006 sola
1105 965 1228 1007 Luna
1247 979 1362 1007 mare
1384 966 1572 1022 agitaret,
1603 974 1694 1008 tum
1714 966 1836 1008 mini-

124 1054 235 1080 mam
265 1054 384 1095 aquae
413 1037 672 1079 altitudinem
701 1036 965 1077 observatum
994 1036 1059 1086 iri,
1091 1050 1141 1077 eo
1169 1036 1261 1091 ipso
1281 1044 1504 1088 momento,
1535 1052 1620 1093 quo
1640 1036 1763 1078 Luna
1792 1037 1836 1079 in

123 1109 338 1151 horizonte
368 1116 580 1150 versetur:
612 1115 734 1164 atque
763 1107 861 1148 hinc
888 1107 1154 1162 perspicuum
1175 1116 1249 1158 est,
1279 1107 1391 1149 idem
1410 1123 1488 1149 usu
1509 1108 1650 1150 venire
1669 1109 1835 1160 debere,

125 1183 159 1224 si
191 1182 264 1224 Sol
293 1181 441 1223 eodem
468 1188 680 1221 momento
700 1195 865 1236 quoque
885 1180 928 1220 in
947 1179 1163 1221 horizonte
1184 1180 1345 1232 existat,
1375 1180 1419 1223 id
1440 1180 1551 1236 quod
1571 1180 1722 1222 accidit
1741 1180 1838 1222 cum

123 1253 342 1295 noviluniis
372 1250 461 1293 tum
490 1251 740 1306 pleniluniis.
802 1251 1012 1292 Praeterea
1039 1249 1139 1292 vero
1169 1251 1293 1292 etiam
1321 1251 1406 1292 ima
1435 1267 1542 1307 aqua
1571 1252 1839 1307 respondebit

125 1325 220 1365 situi
243 1324 377 1365 Lunae
398 1323 440 1363 in
461 1322 688 1372 horizonte,
711 1321 746 1362 si
765 1336 816 1362 eo
836 1329 1023 1376 tempore
1047 1322 1119 1364 Sol
1138 1322 1412 1363 meridianum
1427 1331 1614 1378 occupet,
1636 1323 1734 1380 quia
1747 1332 1838 1366 tum

58 1443 64 1449 ,
124 1396 185 1436 vis
211 1394 318 1438 Solis
338 1409 414 1449 per
434 1393 614 1434 notabile
635 1392 831 1447 temporis
852 1391 1114 1433 intervallum
1133 1408 1268 1449 neque
1287 1401 1461 1450 augetur
1481 1409 1560 1437 nec
1579 1395 1837 1447 diminuitur,

125 1467 285 1509 etiamsi
306 1475 393 1508 tum
415 1480 522 1521 aqua
541 1479 626 1505 non
646 1471 808 1505 tantum
828 1463 1096 1519 deprimatur,
1129 1463 1252 1520 quam
1273 1465 1382 1506 circa
1400 1466 1612 1507 novilunia
1631 1482 1680 1508 ac
1706 1467 1840 1523 pleni-

125 1539 252 1579 lunia.
316 1536 526 1578 Ponamus
556 1534 696 1591 igitur,
728 1533 811 1590 quo
841 1534 1021 1589 reliquos
1042 1548 1160 1575 casus
1180 1534 1428 1586 evolvamus,
1460 1535 1562 1576 dum
1582 1536 1706 1578 Luna
1725 1537 1840 1579 hori-

118 1619 289 1665 zontem
309 1617 496 1663 occupat,
531 1608 671 1650 Solem
699 1607 751 1648 ab
779 1607 994 1648 horizonte
1023 1609 1226 1648 removeri
1239 1623 1251 1656 3
1281 1606 1362 1649 hoc
1383 1622 1483 1664 ergo
1504 1623 1602 1649 casu
1621 1624 1728 1665 aqua
1751 1611 1841 1666 jam

126 1683 365 1732 elevabitur,
399 1696 456 1722 ex
487 1695 571 1736 quo
600 1694 769 1720 necesse
800 1686 864 1720 est
893 1678 1018 1719 imam
1049 1693 1200 1734 aquam
1232 1686 1327 1720 ante
1359 1678 1582 1720 adventum
1617 1680 1753 1722 Lunae
1788 1682 1842 1723 ad

125 1755 382 1796 horizontem
403 1753 598 1802 extitisse,
622 1749 767 1793 contra
786 1748 886 1792 vero
907 1750 941 1790 si
961 1749 1061 1790 dum
1093 1749 1216 1791 Luna
1235 1750 1279 1790 in
1298 1749 1513 1791 horizonte
1533 1760 1733 1803 versatur,
1768 1753 1843 1796 Sol

126 1826 181 1867 ad
208 1825 466 1866 horizontem
495 1823 812 1879 appropinquet,
843 1836 948 1877 aqua
978 1818 1137 1862 tardius
1168 1820 1322 1862 scilicet
1350 1829 1445 1876 post
1464 1822 1683 1877 appulsum
1706 1823 1842 1866 Lunae

127 1899 182 1940 ad
211 1897 467 1938 horizontem
498 1896 720 1951 continget.
781 1894 991 1935 Ponamus
1011 1894 1150 1949 itaque
1171 1894 1337 1935 Lunam
1357 1903 1454 1936 ante
1472 1903 1610 1936 ortum
1631 1896 1709 1938 sub
1728 1896 1842 1939 hori-

127 1977 249 2012 zonte
280 1969 328 2011 H
349 1968 378 2009 h
407 1969 450 2010 in
482 1971 503 2007 Σ)
534 1967 670 2009 adhuc
700 1967 866 2015 versari,
901 1965 1124 2022 Solemque
1153 1966 1196 2006 in
1229 1970 1267 2008 Θ
1302 1982 1391 2008 esse
1419 1968 1614 2022 positum,
1646 1970 1758 2012 unde
1786 1972 1841 2014 ad

128 2040 403 2093 meridianum
437 2038 472 2080 P
494 2038 528 2079 Z
551 2038 599 2079 H
628 2036 933 2094 progrediatur,
965 2035 1127 2091 hocque
1148 2036 1239 2091 ipso
1259 2047 1470 2079 momento
1490 2054 1640 2094 aquam
1659 2041 1841 2084 maxime

130 2128 219 2155 esse
248 2112 499 2167 depressam.
561 2110 742 2151 Necesse
770 2108 898 2166 igitur
924 2116 998 2158 est,
1029 2117 1076 2150 ut
1095 2109 1405 2151 decrementum
1424 2121 1759 2155 momentaneum
1779 2116 1841 2158 vis

131 2186 266 2228 Lunae
290 2183 343 2225 ad
368 2197 482 2223 mare
509 2181 761 2223 movendum
790 2180 950 2236 aequale
970 2180 1022 2222 sit
1041 2180 1296 2222 incremento
1315 2191 1604 2226 momentaneo
1624 2186 1685 2227 vis
1718 2187 1839 2230 Solis.

131 2257 202 2299 Ad
221 2256 330 2297 hanc
351 2254 627 2311 aequalitatem
647 2252 937 2294 declarandam
957 2253 1010 2294 sit
1029 2253 1169 2310 anguli
1193 2255 1216 2293 l>
1244 2254 1280 2295 P
1297 2254 1338 2296 O
1358 2255 1411 2296 ad
1431 2256 1575 2311 polum
1596 2259 1733 2310 sumti,
1756 2260 1840 2302 dis-
1870 2266 1875 2271 “

128 2330 301 2380 tantiam
323 2329 458 2371 Lunae
479 2343 504 2369 a
524 2339 599 2369 suo
619 2334 715 2368 ortu
736 2325 778 2368 O
798 2325 1029 2376 indicantis,
1060 2327 1173 2368 sinus
1192 2347 1239 2364 =
1259 2327 1301 2369 V
1321 2335 1362 2369 et
1382 2329 1546 2371 cosinus
1565 2351 1611 2368 =
1632 2346 1670 2382 ν,
1693 2331 1764 2388 qui
1784 2333 1839 2375 ob

130 2401 327 2459 angulum
358 2403 381 2440 1>
415 2400 451 2441 P
475 2398 516 2441 O
546 2397 667 2439 valde
694 2412 869 2453 parvum
899 2397 990 2439 tuto
1019 2398 1126 2439 sinui
1155 2400 1231 2441 toti
1263 2405 1281 2440 1
1309 2401 1477 2456 aequalis
1499 2403 1660 2458 concipi
1690 2413 1839 2460 potest.

132 2472 307 2514 Invento
338 2486 439 2528 ergo
464 2469 618 2528 angulo
648 2469 730 2511 hoc
768 2471 791 2508 D
823 2469 860 2510 P
888 2468 929 2511 O
966 2483 1038 2511 seu
1069 2485 1170 2512 arcu
1200 2472 1420 2527 aequatoris
1455 2472 1516 2514 illi
1550 2475 1838 2529 respondente,

131 2561 262 2602 eoque
281 2546 324 2586 in
344 2555 507 2601 tempus
528 2559 741 2594 convers0‚
764 2544 969 2586 constabit
989 2553 1144 2600 quanto
1163 2547 1360 2601 temporis
1384 2547 1600 2589 intervallo
1629 2549 1712 2592 ima
1733 2566 1840 2609 aqua

130 2618 350 2676 appulsum
379 2619 513 2659 Lunae
542 2617 596 2659 ad
624 2616 882 2658 horizontem
915 2617 1146 2672 praecedat:
1186 2617 1296 2659 idem
1326 2617 1425 2660 vero
1458 2620 1638 2662 calculus
1669 2630 1754 2664 tam
1786 2623 1840 2665 ad

133 2694 268 2735 Lunae
288 2706 479 2733 occasum
499 2689 623 2747 quam
639 2690 693 2733 ad
707 2690 984 2732 accessionem
1003 2690 1110 2732 Solis
1130 2690 1183 2732 ad
1202 2691 1460 2734 horizontem
1475 2692 1593 2735 facile
1608 2708 1840 2738 accommo-

131 2764 310 2807 dabitur.

189 2843 221 2892 §.
243 2845 311 2881 68.
345 2836 497 2879 Positis
517 2850 630 2877 nunc
650 2836 691 2877 A
712 2844 752 2875 ‘Y'
775 2853 800 2879 a
819 2845 1029 2893 aequatore
1049 2851 1097 2878 ac
1117 2843 1160 2872 εἴ
1178 2844 1218 2874 ‘Y‘
1237 2839 1278 2879 <a
1302 2837 1502 2892 ecliptica,
1532 2837 1584 2880 sit
1603 2838 1841 2882 elevationis

131 2909 218 2965 poli
254 2909 290 2953 P
309 2909 339 2950 h
369 2908 481 2950 sinus
510 2927 556 2944 =
587 2907 636 2958 P,
668 2908 831 2950 cosinus
860 2929 906 2945 =
943 2922 973 2964 p
986 2923 998 2957 ;
1039 2908 1152 2949 sinus
1182 2907 1465 2950 declinationis
1498 2909 1633 2950 Lunae
1660 2910 1840 2954 borealis

1647 2983 1824 3026 —PR

147 3012 169 3049 D
197 3008 235 3051 L
256 3028 302 3044 =
324 3008 379 3060 R,
402 3007 565 3050 cosinus
587 3027 632 3043 =
652 3021 699 3057 r3
730 3021 783 3048 ex
803 3008 951 3065 quibus
971 3007 1043 3049 fiet
1061 3006 1202 3064 anguli
1227 3007 1267 3049 A
1286 3005 1321 3048 P
1338 3005 1379 3049 Ο
1398 3007 1562 3052 cosinus
1580 3026 1626 3046 =
1824 3038 1838 3060 ,

1702 3066 1768 3106 pr
