2092 3470
266 227 348 263 314·
574 242 577 245 ·
603 199 955 271 INQUlslTio
986 224 1258 270 PHYSICA
1291 228 1358 271 IN
1391 229 1648 273 CAUSAM

261 345 329 379 tur
346 356 392 374 =
413 352 455 386 x,
479 338 642 379 cosinus
663 358 709 375 =
728 354 769 395 y,
799 355 849 384 ac
881 343 1066 385 celeritas
1102 359 1226 400 quam
1247 359 1353 400 aqua
1373 345 1416 386 in
1438 346 1490 387 M
1519 346 1657 397 habet,
1688 347 1830 392 versus
1858 363 1975 393 occa-

262 427 354 454 sum
381 431 426 449 =
458 426 486 451 u
506 411 584 452 erit
613 410 643 454 d
661 425 691 454 u
722 422 769 456 ut
797 419 823 455 2
843 430 873 456 Χ
891 431 931 472 y.
995 415 1104 457 Cum
1133 423 1271 457 autem
1301 416 1550 460 elementum
1569 419 1690 461 arcus
1711 421 1752 462 A
1774 420 1827 463 M
1856 421 1909 464 sit
1927 429 1974 466 ut

260 486 374 560 Ξ-Ξς
405 526 503 554 nam
531 512 710 569 figuram
738 513 867 561 instar
898 515 1040 556 circuli
1069 513 1323 560 considerari
1349 515 1467 560 licet:
1499 517 1577 560 erit
1605 518 1634 561 d
1656 533 1683 560 u
1710 526 1757 562 ut
1780 523 1807 563 2
1827 534 1858 562 x
1877 518 1907 562 d
1925 533 1970 575 x,

293 569 324 610 g

265 632 388 681 atque
420 641 449 668 u
485 628 796 683 proportionale
835 630 914 671 erit
952 630 1031 685 ipsi

262 701 288 736 2
309 710 339 737 Χ
358 711 388 738 Χ
403 723 459 730 -
479 704 496 740 1
523 699 724 755 eJusmodi
749 701 908 757 adjecta
928 716 1028 744 con-

261 775 408 818 stante,
431 777 477 811 ut
496 770 567 811 ubi
585 770 637 812 M
650 785 692 811 m
708 780 770 812 est
784 773 1024 822 maximum,

260 837 318 878 ibi
339 831 524 881 celeritas
546 849 773 883 evanescat.
825 841 952 885 Hanc
971 842 1027 883 ob

262 922 350 950 rem
383 910 462 951 erit
495 910 682 954 celeritas
718 911 761 951 in
795 910 888 952 loco
922 926 1027 967 quo-

259 995 424 1038 cunque
461 982 527 1032 M,
569 997 694 1038 quam
734 998 842 1038 aqua
880 983 1026 1026 versus

259 1054 516 1096 occidentem
545 1054 727 1104 habebit,
764 1055 824 1095 uti
860 1056 1026 1098 cosinus

263 1126 381 1181 dupli
409 1126 551 1184 anguli
587 1126 638 1168 M
662 1127 698 1167 C
720 1127 774 1168 A.
836 1127 1028 1171 Maxima

259 1199 387 1256 igitur
406 1214 525 1255 aquae
546 1199 732 1240 celeritas
753 1199 895 1241 versus
916 1201 1025 1242 occi-

257 1269 423 1311 dentem
445 1270 523 1311 erit
544 1271 585 1311 in
606 1270 654 1311 iis
675 1270 788 1321 locis,
812 1271 855 1311 in
876 1271 1025 1327 quibus

257 1357 366 1398 aqua
394 1342 573 1384 maxime
604 1352 667 1386 est
697 1343 876 1394 elevata3
909 1343 1026 1385 huic-

260 1429 341 1470 que
362 1414 558 1455 celeritati
579 1414 747 1470 aequalis
769 1422 830 1456 est
850 1430 911 1465 ea,
943 1414 1024 1471 quii

259 1501 366 1542 aqua
385 1486 427 1526 in
449 1486 549 1527 locis
571 1486 643 1526 ubi
672 1485 850 1527 maxime
872 1495 934 1527 est
953 1486 1026 1527 de-

258 1575 413 1615 pressa,
432 1558 573 1601 versus
591 1560 791 1601 orientem
806 1574 1027 1615 promove-

260 1639 329 1671 tur
342 1646 354 1680 ;
400 1630 433 1671 si
469 1630 636 1686 quidem
672 1629 764 1671 haec
795 1631 839 1670 in
872 1630 1027 1671 circulo

260 1702 352 1743 fieri
372 1703 664 1757 concipiamuS,
687 1717 784 1743 nam
805 1702 849 1742 in
863 1703 1028 1760 sphaera

255 1782 392 1814 motus
428 1774 683 1829 aliquantum
713 1773 899 1814 diversus
933 1774 1024 1823 erit,

256 1843 330 1884 sed
364 1852 502 1884 tamen
532 1843 629 1884 hinc
658 1843 832 1899 intelligi
860 1844 1024 1898 poterit.
1086 1844 1146 1885 At
1174 1842 1218 1883 in
1247 1842 1348 1885 locis
1378 1858 1471 1900 quae
1501 1844 1554 1885 ab
1583 1845 1622 1886 A
1644 1853 1685 1887 et
1706 1846 1743 1888 B
1767 1852 1822 1889 45
1852 1846 1971 1904 grad.

259 1916 426 1966 distant,
450 1916 504 1957 ob
525 1916 713 1957 cosinurn
734 1916 851 1970 dupli
874 1916 1015 1972 anguli
1043 1934 1090 1951 =
1121 1922 1162 1965 0,
1195 1930 1301 1970 aqua
1320 1916 1489 1956 omnino
1509 1916 1668 1958 nullum
1694 1917 1865 1960 habebit
1882 1933 1974 1960 mo-

253 1998 344 2030 tum
373 1988 685 2030 horizontalem.
748 1988 815 2029 Ex
844 1987 908 2029 his
938 1988 1066 2044 igitur
1094 2002 1182 2028 non
1211 1987 1345 2028 solum
1373 1996 1510 2029 motus
1539 2003 1659 2044 aquae
1684 1990 1972 2046 progressivus
2004 2014 2006 2018 ·

238 2059 536 2116 cognoscitur,
578 2073 661 2115 quo
701 2058 859 2100 alterna
898 2058 1074 2099 elevatio
1113 2073 1162 2099 ac
1194 2057 1404 2113 depressio
1442 2058 1697 2113 producitur,
1735 2060 1808 2101 sed
1847 2060 1973 2102 etiam

253 2131 486 2172 luculenter
513 2131 861 2186 perturbationes,
895 2144 988 2186 quae
1018 2145 1043 2171 a
1073 2129 1230 2179 Terris,
1263 2129 1468 2170 littoribus
1499 2139 1621 2186 atque
1641 2131 1763 2171 etiam
1793 2146 1818 2171 a
1842 2130 1973 2174 fundo

252 2206 378 2246 maris
396 2205 604 2260 proficisci
625 2213 809 2259 possunt,
831 2204 1153 2259 perspiciuntur.
1207 2203 1402 2243 Ceterum
1422 2217 1656 2258 quanquam
1678 2204 1806 2244 sectio
1826 2212 1969 2246 nostra

254 2277 380 2331 plana
410 2277 450 2317 A
472 2277 515 2318 D
540 2276 577 2317 B
600 2276 637 2317 E
669 2284 922 2331 aequatorem
952 2275 1086 2316 solum
1121 2274 1317 2324 denotare
1351 2272 1526 2323 videtur,
1563 2281 1700 2314 tamen
1735 2273 1880 2315 eadem
1913 2274 1970 2316 ad
2016 2271 2017 2274 ¹

253 2350 498 2405 parallelum
535 2350 718 2405 quemvis
786 2348 1104 2406 significandum
1155 2347 1252 2410 satis
1299 2345 1516 2387 commode
1563 2346 1751 2387 adhiberi
1803 2354 1966 2400 potest:

254 2422 354 2477 quin
385 2422 508 2462 etiam
537 2428 676 2461 motus
703 2435 782 2476 pro
814 2420 974 2475 sphaera
1005 2419 1104 2460 hinc
1125 2418 1221 2460 satis
1242 2416 1430 2458 distincte
1457 2417 1596 2474 colligi
1623 2417 1787 2476 poterit,
1824 2431 1964 2472 operae

252 2494 363 2535 enim
394 2494 573 2549 pretium
603 2508 687 2534 non
716 2494 964 2548 judicamus,
1000 2507 1075 2547 per
1106 2491 1333 2533 solidorum
1363 2490 1709 2531 introductionem
1738 2488 1846 2531 hanc
1874 2504 1965 2532 rem

254 2567 424 2624 cognitu
445 2565 561 2608 tanto
583 2566 855 2607 difficiliorem
876 2565 1063 2608 reddere.

313 2641 342 2691 §.
366 2643 434 2679 94.
472 2635 536 2678 Εὸ
567 2636 704 2677 minus
734 2645 871 2677 autem
901 2636 1022 2691 hujus
1054 2644 1257 2678 accuratae
1286 2635 1539 2691 inquisitioni
1567 2634 1812 2684 insistemus,
1848 2633 1962 2690 qubd

247 2710 433 2752 celeritas
470 2710 735 2767 progressiva
769 2710 939 2764 insuper
974 2725 998 2750 a
1031 2708 1313 2764 profunditate
1347 2707 1470 2748 maris
1505 2705 1694 2761 pendeat.
1770 2703 1897 2755 Quod
1926 2705 1962 2747 si

245 2780 356 2820 enim
376 2795 580 2836 ponamus
601 2795 643 2821 m
662 2795 691 2820 n
707 2781 794 2835 jam
816 2795 904 2821 esse
924 2780 1049 2821 maris
1069 2779 1257 2830 fundum,
1278 2779 1336 2820 ita
1354 2786 1401 2819 ut
1419 2776 1677 2832 profunditas
1699 2776 1822 2831 maris
1842 2776 1886 2817 in
1907 2776 1961 2819 M

245 2851 380 2905 major
408 2866 493 2892 non
523 2860 629 2892 esset
659 2850 783 2907 quam
816 2851 867 2892 M
887 2866 942 2901 m,
975 2858 1058 2891 tam
1080 2851 1147 2891 isti
1168 2864 1288 2906 aquae
1309 2857 1446 2890 tantus
1466 2857 1602 2890 motus
1623 2849 1755 2903 inesse
1774 2847 1957 2898 deberet,

244 2939 328 2980 quo
350 2939 411 2974 ea,
435 2926 536 2966 dum
556 2926 694 2967 fluxus
716 2940 768 2966 ex
791 2925 831 2966 A
855 2925 896 2965 in
917 2941 942 2966 a
962 2924 1122 2974 transit,
1146 2938 1198 2964 ex
1220 2923 1301 2964 situ
1321 2937 1348 2963 n
1373 2923 1407 2963 F
1430 2922 1481 2964 M
1501 2936 1544 2963 m
1564 2922 1607 2962 in
1628 2921 1750 2962 situm
1770 2935 1812 2961 m
1827 2920 1862 2962 F
1877 2920 1959 2962 Nn
2002 2925 2004 2928 ’

244 2996 459 3038 transferri
488 3006 639 3052 posset.
704 2998 791 3039 Hic
821 3005 958 3039 autem
988 3005 1126 3038 motus
1157 2996 1343 3052 quamvis
1365 2996 1417 3037 sit
1436 2995 1635 3036 difformis
1665 3002 1706 3035 et
1733 3008 1808 3049 per
1828 3001 1958 3036 totam

242 3080 420 3113 massam
451 3066 722 3121 inaequabilis,
754 3075 892 3109 tamen
921 3067 956 3108 si
989 3074 1076 3108 tota
1104 3065 1320 3121 translatio
1349 3072 1568 3121 spectetur,
1600 3072 1708 3106 totus
1731 3058 1874 3107 'motus
1899 3076 1955 3106 ex
