<?xml version="1.0" encoding="UTF-8"?>
<!DOCTYPE html PUBLIC "-//W3C//DTD XHTML 1.0 Transitional//EN"
    "http://www.w3.org/TR/xhtml1/DTD/xhtml1-transitional.dtd">
<html xmlns="http://www.w3.org/1999/xhtml" xml:lang="en" lang="en">
 <head>
  <title>
</title>
<meta http-equiv="Content-Type" content="text/html;charset=utf-8" />
  <meta name='ocr-system' content='tesseract 3.04.00' />
  <meta name='ocr-capabilities' content='ocr_page ocr_carea ocr_par ocr_line ocrx_word'/>
</head>
<body>
  <div class='ocr_page' id='page_1' title='image "./philosophiaenatu03newtuoft_0049.png"; bbox 0 0 2092 3470; ppageno 0'>
   <div class='ocr_carea' id='block_1_1' title="bbox 985 512 1061 551">
    <p class='ocr_par' dir='ltr' id='par_1_1' title="bbox 985 512 1061 551">
     <span class='ocr_line' id='line_1_1' title="bbox 985 512 1061 551; baseline 0.013 -1"><span class='ocrx_word' id='word_1_1' title='bbox 985 512 1061 551; x_wconf 93' lang='lat' dir='ltr'><strong>DE</strong></span> 
     </span>
    </p>
   </div>
   <div class='ocr_carea' id='block_1_2' title="bbox 400 639 1638 797">
    <p class='ocr_par' dir='ltr' id='par_1_2' title="bbox 400 639 1638 797">
     <span class='ocr_line' id='line_1_2' title="bbox 400 639 1638 797; baseline -0.006 -37"><span class='ocrx_word' id='word_1_2' title='bbox 400 694 810 760; x_wconf 86' lang='lat' dir='ltr'><strong>MUNDI</strong></span> <span class='ocrx_word' id='word_1_3' title='bbox 907 639 1638 797; x_wconf 72' lang='lat' dir='ltr'><strong>sYsTEMATE.</strong></span> 
     </span>
    </p>
   </div>
   <div class='ocr_carea' id='block_1_3' title="bbox 695 854 1419 936">
    <p class='ocr_par' dir='ltr' id='par_1_3' title="bbox 695 854 1419 936">
     <span class='ocr_line' id='line_1_3' title="bbox 695 854 1419 936; baseline -0.007 0"><span class='ocrx_word' id='word_1_4' title='bbox 695 885 943 936; x_wconf 81' lang='lat' dir='ltr'><strong>LIBER</strong></span> <span class='ocrx_word' id='word_1_5' title='bbox 995 883 1350 936; x_wconf 80' lang='lat' dir='ltr'><strong>TERTIUS.</strong></span> <span class='ocrx_word' id='word_1_6' title='bbox 1413 854 1419 856; x_wconf 67' lang='grc'><strong>’</strong></span> 
     </span>
    </p>
   </div>
   <div class='ocr_carea' id='block_1_4' title="bbox 858 1064 1126 1088">
    <p class='ocr_par' dir='ltr' id='par_1_4' title="bbox 858 1064 1126 1088">
     <span class='ocr_line' id='line_1_4' title="bbox 858 1064 1126 1088; baseline -0.011 0"><span class='ocrx_word' id='word_1_7' title='bbox 858 1064 860 1066; x_wconf 60' lang='grc'>’</span> <span class='ocrx_word' id='word_1_8' title='bbox 910 1072 1126 1088; x_wconf 54' lang='lat' dir='ltr'><strong>mmm</strong></span> 
     </span>
    </p>
   </div>
   <div class='ocr_carea' id='block_1_5' title="bbox 157 1220 1868 2663">
    <p class='ocr_par' dir='ltr' id='par_1_5' title="bbox 157 1220 1868 2663">
     <span class='ocr_line' id='line_1_5' title="bbox 169 1220 1868 1300; baseline -0.002 -15"><span class='ocrx_word' id='word_1_9' title='bbox 169 1220 237 1285; x_wconf 70' lang='lat' dir='ltr'><strong>[N</strong></span> <span class='ocrx_word' id='word_1_10' title='bbox 275 1243 416 1285; x_wconf 91' lang='lat' dir='ltr'><strong>Libris</strong></span> <span class='ocrx_word' id='word_1_11' title='bbox 452 1244 783 1299; x_wconf 88' lang='lat' dir='ltr'><strong>praecedentibus</strong></span> <span class='ocrx_word' id='word_1_12' title='bbox 830 1243 1034 1300; x_wconf 87' lang='lat' dir='ltr'><strong>principia</strong></span> <span class='ocrx_word' id='word_1_13' title='bbox 1079 1243 1354 1299; x_wconf 82' lang='lat' dir='ltr'><strong>philosophiae</strong></span> <span class='ocrx_word' id='word_1_14' title='bbox 1400 1243 1565 1293; x_wconf 88' lang='lat' dir='ltr'><strong>tradidi,</strong></span> <span class='ocrx_word' id='word_1_15' title='bbox 1605 1256 1691 1283; x_wconf 89' lang='lat' dir='ltr'><strong>non</strong></span> <span class='ocrx_word' id='word_1_16' title='bbox 1729 1248 1868 1282; x_wconf 88' lang='lat' dir='ltr'><strong>tamen</strong></span> 
     </span>
     <span class='ocr_line' id='line_1_6' title="bbox 164 1311 1866 1372; baseline -0.004 -15"><span class='ocrx_word' id='word_1_17' title='bbox 164 1315 453 1372; x_wconf 87' lang='lat' dir='ltr'><strong>philosophica</strong></span> <span class='ocrx_word' id='word_1_18' title='bbox 492 1316 567 1358; x_wconf 91' lang='lat' dir='ltr'><strong>sed</strong></span> <span class='ocrx_word' id='word_1_19' title='bbox 602 1315 891 1358; x_wconf 86' lang='lat' dir='ltr'><strong>mathematica</strong></span> <span class='ocrx_word' id='word_1_20' title='bbox 927 1314 1100 1366; x_wconf 72' lang='lat' dir='ltr'><strong>tantum,</strong></span> <span class='ocrx_word' id='word_1_21' title='bbox 1151 1330 1205 1357; x_wconf 87' lang='lat' dir='ltr'><strong>ex</strong></span> <span class='ocrx_word' id='word_1_22' title='bbox 1244 1315 1393 1371; x_wconf 87' lang='lat' dir='ltr'><strong>quibus</strong></span> <span class='ocrx_word' id='word_1_23' title='bbox 1431 1314 1622 1355; x_wconf 88' lang='lat' dir='ltr'><strong>videlicet</strong></span> <span class='ocrx_word' id='word_1_24' title='bbox 1660 1312 1704 1352; x_wconf 92' lang='lat' dir='ltr'><strong>in</strong></span> <span class='ocrx_word' id='word_1_25' title='bbox 1742 1311 1866 1352; x_wconf 91' lang='lat' dir='ltr'><strong>rebus</strong></span> 
     </span>
     <span class='ocr_line' id='line_1_7' title="bbox 163 1385 1868 1444; baseline -0.004 -14"><span class='ocrx_word' id='word_1_26' title='bbox 163 1387 459 1443; x_wconf 86' lang='lat' dir='ltr'><strong>philosophicis</strong></span> <span class='ocrx_word' id='word_1_27' title='bbox 488 1388 691 1444; x_wconf 90' lang='lat' dir='ltr'><strong>disputari</strong></span> <span class='ocrx_word' id='word_1_28' title='bbox 718 1388 859 1444; x_wconf 88' lang='lat' dir='ltr'><strong>possit.</strong></span> <span class='ocrx_word' id='word_1_29' title='bbox 935 1387 1046 1430; x_wconf 90' lang='lat' dir='ltr'><strong>Haec</strong></span> <span class='ocrx_word' id='word_1_30' title='bbox 1080 1395 1176 1429; x_wconf 89' lang='lat' dir='ltr'><strong>sunt</strong></span> <span class='ocrx_word' id='word_1_31' title='bbox 1208 1395 1398 1428; x_wconf 90' lang='lat' dir='ltr'><strong>motuum</strong></span> <span class='ocrx_word' id='word_1_32' title='bbox 1433 1395 1474 1428; x_wconf 89' lang='lat' dir='ltr'><strong>et</strong></span> <span class='ocrx_word' id='word_1_33' title='bbox 1506 1387 1656 1428; x_wconf 89' lang='lat' dir='ltr'><strong>virium</strong></span> <span class='ocrx_word' id='word_1_34' title='bbox 1684 1385 1797 1441; x_wconf 87' lang='lat' dir='ltr'><strong>leges</strong></span> <span class='ocrx_word' id='word_1_35' title='bbox 1826 1391 1868 1425; x_wconf 90' lang='lat' dir='ltr'><strong>et</strong></span> 
     </span>
     <span class='ocr_line' id='line_1_8' title="bbox 164 1445 1867 1514; baseline -0.004 -13"><span class='ocrx_word' id='word_1_36' title='bbox 164 1458 434 1508; x_wconf 88' lang='lat' dir='ltr'><strong>conditiones,</strong></span> <span class='ocrx_word' id='word_1_37' title='bbox 467 1473 561 1514; x_wconf 92' lang='lat' dir='ltr'><strong>quae</strong></span> <span class='ocrx_word' id='word_1_38' title='bbox 586 1458 640 1500; x_wconf 88' lang='lat' dir='ltr'><strong>ad</strong></span> <span class='ocrx_word' id='word_1_39' title='bbox 666 1457 972 1514; x_wconf 87' lang='lat' dir='ltr'><strong>philosophiam</strong></span> <span class='ocrx_word' id='word_1_40' title='bbox 990 1456 1171 1499; x_wconf 73' lang='lat' dir='ltr'><strong>maxime</strong></span> <span class='ocrx_word' id='word_1_41' title='bbox 1192 1465 1390 1513; x_wconf 78' lang='lat' dir='ltr'><strong>spectant.</strong></span> <span class='ocrx_word' id='word_1_42' title='bbox 1450 1457 1611 1499; x_wconf 88' lang='lat' dir='ltr'><strong>Eadem</strong></span> <span class='ocrx_word' id='word_1_43' title='bbox 1630 1445 1782 1504; x_wconf 82' lang='lat' dir='ltr'><strong>tamen,</strong></span> <span class='ocrx_word' id='word_1_44' title='bbox 1813 1468 1867 1494; x_wconf 91' lang='lat' dir='ltr'><strong>ne</strong></span> 
     </span>
     <span class='ocr_line' id='line_1_9' title="bbox 163 1530 1866 1586; baseline -0.003 -14"><span class='ocrx_word' id='word_1_45' title='bbox 163 1530 317 1572; x_wconf 85' lang='lat' dir='ltr'><strong>sterilia</strong></span> <span class='ocrx_word' id='word_1_46' title='bbox 343 1530 573 1580; x_wconf 85' lang='lat' dir='ltr'><strong>videantur,</strong></span> <span class='ocrx_word' id='word_1_47' title='bbox 603 1530 806 1572; x_wconf 82' lang='lat' dir='ltr'><strong>illustravi</strong></span> <span class='ocrx_word' id='word_1_48' title='bbox 834 1530 1000 1572; x_wconf 85' lang='lat' dir='ltr'><strong>scholiis</strong></span> <span class='ocrx_word' id='word_1_49' title='bbox 1020 1530 1268 1586; x_wconf 90' lang='lat' dir='ltr'><strong>quibusdam</strong></span> <span class='ocrx_word' id='word_1_50' title='bbox 1286 1530 1595 1585; x_wconf 81' lang='lat' dir='ltr'><strong>philosophicis,</strong></span> <span class='ocrx_word' id='word_1_51' title='bbox 1617 1544 1667 1570; x_wconf 93' lang='lat' dir='ltr'><strong>ea</strong></span> <span class='ocrx_word' id='word_1_52' title='bbox 1685 1535 1866 1570; x_wconf 87' lang='lat' dir='ltr'><strong>tractans</strong></span> 
     </span>
     <span class='ocr_line' id='line_1_10' title="bbox 163 1597 1867 1659; baseline -0.002 -16"><span class='ocrx_word' id='word_1_53' title='bbox 163 1616 257 1659; x_wconf 82' lang='lat' dir='ltr'><strong>quae</strong></span> <span class='ocrx_word' id='word_1_54' title='bbox 283 1601 492 1658; x_wconf 87' lang='lat' dir='ltr'><strong>generalia</strong></span> <span class='ocrx_word' id='word_1_55' title='bbox 512 1608 619 1652; x_wconf 83' lang='lat' dir='ltr'><strong>sunt,</strong></span> <span class='ocrx_word' id='word_1_56' title='bbox 643 1608 685 1642; x_wconf 81' lang='lat' dir='ltr'><strong>et</strong></span> <span class='ocrx_word' id='word_1_57' title='bbox 702 1602 746 1654; x_wconf 88' lang='lat' dir='ltr'><strong>in</strong></span> <span class='ocrx_word' id='word_1_58' title='bbox 767 1601 915 1657; x_wconf 92' lang='lat' dir='ltr'><strong>quibus</strong></span> <span class='ocrx_word' id='word_1_59' title='bbox 934 1601 1199 1656; x_wconf 86' lang='lat' dir='ltr'><strong>philosophia</strong></span> <span class='ocrx_word' id='word_1_60' title='bbox 1217 1599 1398 1641; x_wconf 76' lang='lat' dir='ltr'><strong>maxime</strong></span> <span class='ocrx_word' id='word_1_61' title='bbox 1418 1599 1583 1641; x_wconf 89' lang='lat' dir='ltr'><strong>fimdari</strong></span> <span class='ocrx_word' id='word_1_62' title='bbox 1601 1599 1777 1648; x_wconf 65' lang='lat' dir='ltr'><strong>videtur,</strong></span> <span class='ocrx_word' id='word_1_63' title='bbox 1805 1597 1867 1639; x_wconf 86' lang='lat' dir='ltr'><strong>uti</strong></span> 
     </span>
     <span class='ocr_line' id='line_1_11' title="bbox 163 1672 1866 1733; baseline -0.002 -18"><span class='ocrx_word' id='word_1_64' title='bbox 163 1687 384 1728; x_wconf 88' lang='lat' dir='ltr'><strong>corporum</strong></span> <span class='ocrx_word' id='word_1_65' title='bbox 403 1672 647 1715; x_wconf 86' lang='lat' dir='ltr'><strong>densitatem</strong></span> <span class='ocrx_word' id='word_1_66' title='bbox 667 1681 710 1715; x_wconf 90' lang='lat' dir='ltr'><strong>et</strong></span> <span class='ocrx_word' id='word_1_67' title='bbox 727 1674 1016 1733; x_wconf 78' lang='lat' dir='ltr'><strong>resistentiam,</strong></span> <span class='ocrx_word' id='word_1_68' title='bbox 1047 1673 1180 1730; x_wconf 88' lang='lat' dir='ltr'><strong>spatia</strong></span> <span class='ocrx_word' id='word_1_69' title='bbox 1199 1673 1440 1729; x_wconf 87' lang='lat' dir='ltr'><strong>corporibus</strong></span> <span class='ocrx_word' id='word_1_70' title='bbox 1459 1689 1602 1723; x_wconf 80' lang='lat' dir='ltr'><strong>vacua,</strong></span> <span class='ocrx_word' id='word_1_71' title='bbox 1623 1680 1866 1727; x_wconf 88' lang='lat' dir='ltr'><strong>motumque</strong></span> 
     </span>
     <span class='ocr_line' id='line_1_12' title="bbox 160 1743 1865 1805; baseline -0.002 -17"><span class='ocrx_word' id='word_1_72' title='bbox 160 1746 265 1788; x_wconf 89' lang='lat' dir='ltr'><strong>lucis</strong></span> <span class='ocrx_word' id='word_1_73' title='bbox 295 1753 336 1788; x_wconf 90' lang='lat' dir='ltr'><strong>et</strong></span> <span class='ocrx_word' id='word_1_74' title='bbox 365 1761 574 1805; x_wconf 83' lang='lat' dir='ltr'><strong>sonorum.</strong></span> <span class='ocrx_word' id='word_1_75' title='bbox 636 1746 835 1802; x_wconf 87' lang='lat' dir='ltr'><strong>Superest</strong></span> <span class='ocrx_word' id='word_1_76' title='bbox 861 1754 910 1788; x_wconf 92' lang='lat' dir='ltr'><strong>ut</strong></span> <span class='ocrx_word' id='word_1_77' title='bbox 938 1761 992 1788; x_wconf 86' lang='lat' dir='ltr'><strong>ex</strong></span> <span class='ocrx_word' id='word_1_78' title='bbox 1016 1746 1162 1787; x_wconf 90' lang='lat' dir='ltr'><strong>iisdem</strong></span> <span class='ocrx_word' id='word_1_79' title='bbox 1187 1745 1402 1801; x_wconf 88' lang='lat' dir='ltr'><strong>principiis</strong></span> <span class='ocrx_word' id='word_1_80' title='bbox 1422 1745 1645 1787; x_wconf 88' lang='lat' dir='ltr'><strong>doceamus</strong></span> <span class='ocrx_word' id='word_1_81' title='bbox 1667 1743 1865 1786; x_wconf 90' lang='lat' dir='ltr'><strong>constitu-</strong></span> 
     </span>
     <span class='ocr_line' id='line_1_13' title="bbox 160 1815 1864 1874; baseline -0.001 -16"><span class='ocrx_word' id='word_1_82' title='bbox 160 1817 315 1871; x_wconf 84' lang='lat' dir='ltr'><strong>tionem</strong></span> <span class='ocrx_word' id='word_1_83' title='bbox 344 1817 573 1873; x_wconf 83' lang='lat' dir='ltr'><strong>systematis</strong></span> <span class='ocrx_word' id='word_1_84' title='bbox 601 1817 813 1859; x_wconf 81' lang='lat' dir='ltr'><strong>mundani.</strong></span> <span class='ocrx_word' id='word_1_85' title='bbox 871 1817 943 1860; x_wconf 90' lang='lat' dir='ltr'><strong>De</strong></span> <span class='ocrx_word' id='word_1_86' title='bbox 976 1817 1057 1859; x_wconf 93' lang='lat' dir='ltr'><strong>hoc</strong></span> <span class='ocrx_word' id='word_1_87' title='bbox 1090 1826 1336 1874; x_wconf 87' lang='lat' dir='ltr'><strong>argumento</strong></span> <span class='ocrx_word' id='word_1_88' title='bbox 1367 1831 1681 1872; x_wconf 85' lang='lat' dir='ltr'><strong>composueram</strong></span> <span class='ocrx_word' id='word_1_89' title='bbox 1710 1815 1864 1857; x_wconf 90' lang='lat' dir='ltr'><strong>librum</strong></span> 
     </span>
     <span class='ocr_line' id='line_1_14' title="bbox 159 1887 1865 1946; baseline -0.002 -14"><span class='ocrx_word' id='word_1_90' title='bbox 159 1891 328 1932; x_wconf 85' lang='lat' dir='ltr'><strong>tertium</strong></span> <span class='ocrx_word' id='word_1_91' title='bbox 347 1890 544 1932; x_wconf 89' lang='lat' dir='ltr'><strong>methodo</strong></span> <span class='ocrx_word' id='word_1_92' title='bbox 563 1890 768 1946; x_wconf 87' lang='lat' dir='ltr'><strong>populari,</strong></span> <span class='ocrx_word' id='word_1_93' title='bbox 790 1897 838 1941; x_wconf 84' lang='lat' dir='ltr'><strong>ut</strong></span> <span class='ocrx_word' id='word_1_94' title='bbox 856 1905 881 1931; x_wconf 88' lang='lat' dir='ltr'><strong>a</strong></span> <span class='ocrx_word' id='word_1_95' title='bbox 899 1889 1088 1945; x_wconf 89' lang='lat' dir='ltr'><strong>pluribus</strong></span> <span class='ocrx_word' id='word_1_96' title='bbox 1107 1889 1325 1946; x_wconf 87' lang='lat' dir='ltr'><strong>legeretur.</strong></span> <span class='ocrx_word' id='word_1_97' title='bbox 1389 1888 1472 1931; x_wconf 89' lang='lat' dir='ltr'><strong>Sed</strong></span> <span class='ocrx_word' id='word_1_98' title='bbox 1493 1889 1642 1944; x_wconf 92' lang='lat' dir='ltr'><strong>quibus</strong></span> <span class='ocrx_word' id='word_1_99' title='bbox 1660 1887 1865 1943; x_wconf 87' lang='lat' dir='ltr'><strong>principia</strong></span> 
     </span>
     <span class='ocr_line' id='line_1_15' title="bbox 159 1958 1863 2017; baseline -0.001 -17"><span class='ocrx_word' id='word_1_100' title='bbox 159 1960 295 2017; x_wconf 89' lang='lat' dir='ltr'><strong>posita</strong></span> <span class='ocrx_word' id='word_1_101' title='bbox 323 1961 420 2002; x_wconf 82' lang='lat' dir='ltr'><strong>satis</strong></span> <span class='ocrx_word' id='word_1_102' title='bbox 449 1961 654 2002; x_wconf 85' lang='lat' dir='ltr'><strong>intellecta</strong></span> <span class='ocrx_word' id='word_1_103' title='bbox 681 1975 767 2002; x_wconf 90' lang='lat' dir='ltr'><strong>non</strong></span> <span class='ocrx_word' id='word_1_104' title='bbox 793 1960 959 2011; x_wconf 90' lang='lat' dir='ltr'><strong>fuerint,</strong></span> <span class='ocrx_word' id='word_1_105' title='bbox 981 1961 1011 2002; x_wconf 89' lang='lat' dir='ltr'><strong>ii</strong></span> <span class='ocrx_word' id='word_1_106' title='bbox 1030 1961 1115 2001; x_wconf 91' lang='lat' dir='ltr'><strong>vim</strong></span> <span class='ocrx_word' id='word_1_107' title='bbox 1134 1960 1523 2016; x_wconf 87' lang='lat' dir='ltr'><strong>consequentiarum</strong></span> <span class='ocrx_word' id='word_1_108' title='bbox 1542 1958 1710 2000; x_wconf 77' lang='lat' dir='ltr'><strong>minime</strong></span> <span class='ocrx_word' id='word_1_109' title='bbox 1730 1958 1863 2012; x_wconf 90' lang='lat' dir='ltr'><strong>perci-</strong></span> 
     </span>
     <span class='ocr_line' id='line_1_16' title="bbox 158 2029 1862 2088; baseline -0.002 -16"><span class='ocrx_word' id='word_1_110' title='bbox 158 2032 286 2087; x_wconf 85' lang='lat' dir='ltr'><strong>pient,</strong></span> <span class='ocrx_word' id='word_1_111' title='bbox 316 2047 451 2088; x_wconf 91' lang='lat' dir='ltr'><strong>neque</strong></span> <span class='ocrx_word' id='word_1_112' title='bbox 478 2032 722 2088; x_wconf 88' lang='lat' dir='ltr'><strong>praejudicia</strong></span> <span class='ocrx_word' id='word_1_113' title='bbox 750 2032 974 2087; x_wconf 84' lang='lat' dir='ltr'><strong>deponent,</strong></span> <span class='ocrx_word' id='word_1_114' title='bbox 1005 2032 1155 2088; x_wconf 92' lang='lat' dir='ltr'><strong>quibus</strong></span> <span class='ocrx_word' id='word_1_115' title='bbox 1183 2047 1210 2073; x_wconf 86' lang='lat' dir='ltr'><strong>a</strong></span> <span class='ocrx_word' id='word_1_116' title='bbox 1234 2031 1373 2072; x_wconf 89' lang='lat' dir='ltr'><strong>multis</strong></span> <span class='ocrx_word' id='word_1_117' title='bbox 1394 2038 1506 2072; x_wconf 90' lang='lat' dir='ltr'><strong>retro</strong></span> <span class='ocrx_word' id='word_1_118' title='bbox 1535 2030 1654 2071; x_wconf 86' lang='lat' dir='ltr'><strong>annis</strong></span> <span class='ocrx_word' id='word_1_119' title='bbox 1674 2029 1862 2070; x_wconf 87' lang='lat' dir='ltr'><strong>insueve-</strong></span> 
     </span>
     <span class='ocr_line' id='line_1_17' title="bbox 159 2101 1861 2160; baseline -0.002 -15"><span class='ocrx_word' id='word_1_120' title='bbox 159 2111 282 2145; x_wconf 89' lang='lat' dir='ltr'><strong>runt:</strong></span> <span class='ocrx_word' id='word_1_121' title='bbox 314 2102 372 2145; x_wconf 61' lang='lat' dir='ltr'><strong>e?</strong></span> <span class='ocrx_word' id='word_1_122' title='bbox 383 2111 603 2159; x_wconf 87' lang='lat' dir='ltr'><strong>propterea</strong></span> <span class='ocrx_word' id='word_1_123' title='bbox 629 2119 684 2145; x_wconf 94' lang='lat' dir='ltr'><strong>ne</strong></span> <span class='ocrx_word' id='word_1_124' title='bbox 712 2119 778 2146; x_wconf 90' lang='lat' dir='ltr'><strong>res</strong></span> <span class='ocrx_word' id='word_1_125' title='bbox 806 2105 851 2145; x_wconf 92' lang='lat' dir='ltr'><strong>in</strong></span> <span class='ocrx_word' id='word_1_126' title='bbox 870 2105 1167 2160; x_wconf 85' lang='lat' dir='ltr'><strong>disputationes</strong></span> <span class='ocrx_word' id='word_1_127' title='bbox 1186 2103 1387 2153; x_wconf 86' lang='lat' dir='ltr'><strong>trahatur,</strong></span> <span class='ocrx_word' id='word_1_128' title='bbox 1411 2117 1613 2145; x_wconf 90' lang='lat' dir='ltr'><strong>summam</strong></span> <span class='ocrx_word' id='word_1_129' title='bbox 1633 2101 1730 2143; x_wconf 83' lang='lat' dir='ltr'><strong>libri</strong></span> <span class='ocrx_word' id='word_1_130' title='bbox 1750 2101 1861 2142; x_wconf 89' lang='lat' dir='ltr'><strong>illius</strong></span> 
     </span>
     <span class='ocr_line' id='line_1_18' title="bbox 158 2172 1863 2230; baseline -0.002 -14"><span class='ocrx_word' id='word_1_131' title='bbox 158 2175 349 2216; x_wconf 82' lang='lat' dir='ltr'><strong>transtuli</strong></span> <span class='ocrx_word' id='word_1_132' title='bbox 377 2175 422 2215; x_wconf 92' lang='lat' dir='ltr'><strong>in</strong></span> <span class='ocrx_word' id='word_1_133' title='bbox 449 2175 763 2230; x_wconf 88' lang='lat' dir='ltr'><strong>propositiones,</strong></span> <span class='ocrx_word' id='word_1_134' title='bbox 793 2189 910 2216; x_wconf 91' lang='lat' dir='ltr'><strong>more</strong></span> <span class='ocrx_word' id='word_1_135' title='bbox 928 2174 1231 2224; x_wconf 86' lang='lat' dir='ltr'><strong>mathematico,</strong></span> <span class='ocrx_word' id='word_1_136' title='bbox 1254 2182 1300 2215; x_wconf 91' lang='lat' dir='ltr'><strong>ut</strong></span> <span class='ocrx_word' id='word_1_137' title='bbox 1319 2174 1372 2214; x_wconf 89' lang='lat' dir='ltr'><strong>ab</strong></span> <span class='ocrx_word' id='word_1_138' title='bbox 1393 2174 1442 2214; x_wconf 88' lang='lat' dir='ltr'><strong>iis</strong></span> <span class='ocrx_word' id='word_1_139' title='bbox 1463 2173 1561 2214; x_wconf 91' lang='lat' dir='ltr'><strong>solis</strong></span> <span class='ocrx_word' id='word_1_140' title='bbox 1581 2173 1772 2230; x_wconf 85' lang='lat' dir='ltr'><strong>legantur</strong></span> <span class='ocrx_word' id='word_1_141' title='bbox 1791 2172 1863 2228; x_wconf 91' lang='lat' dir='ltr'><strong>qui</strong></span> 
     </span>
     <span class='ocr_line' id='line_1_19' title="bbox 158 2243 1858 2302; baseline -0.002 -16"><span class='ocrx_word' id='word_1_142' title='bbox 158 2245 361 2302; x_wconf 90' lang='lat' dir='ltr'><strong>principia</strong></span> <span class='ocrx_word' id='word_1_143' title='bbox 378 2245 493 2300; x_wconf 90' lang='lat' dir='ltr'><strong>prius</strong></span> <span class='ocrx_word' id='word_1_144' title='bbox 514 2245 750 2287; x_wconf 86' lang='lat' dir='ltr'><strong>evolverint.</strong></span> <span class='ocrx_word' id='word_1_145' title='bbox 803 2245 1099 2286; x_wconf 87' lang='lat' dir='ltr'><strong>Verumtamen</strong></span> <span class='ocrx_word' id='word_1_146' title='bbox 1119 2244 1314 2301; x_wconf 88' lang='lat' dir='ltr'><strong>quoniam</strong></span> <span class='ocrx_word' id='word_1_147' title='bbox 1332 2244 1636 2299; x_wconf 89' lang='lat' dir='ltr'><strong>propositiones</strong></span> <span class='ocrx_word' id='word_1_148' title='bbox 1656 2243 1715 2285; x_wconf 92' lang='lat' dir='ltr'><strong>ibi</strong></span> <span class='ocrx_word' id='word_1_149' title='bbox 1735 2258 1858 2301; x_wconf 87' lang='lat' dir='ltr'><strong>quam</strong></span> 
     </span>
     <span class='ocr_line' id='line_1_20' title="bbox 158 2314 1858 2375; baseline -0.002 -16"><span class='ocrx_word' id='word_1_150' title='bbox 158 2319 349 2375; x_wconf 86' lang='lat' dir='ltr'><strong>plurimae</strong></span> <span class='ocrx_word' id='word_1_151' title='bbox 382 2326 614 2370; x_wconf 81' lang='lat' dir='ltr'><strong>occurrant,</strong></span> <span class='ocrx_word' id='word_1_152' title='bbox 649 2333 743 2374; x_wconf 89' lang='lat' dir='ltr'><strong>quae</strong></span> <span class='ocrx_word' id='word_1_153' title='bbox 777 2317 998 2359; x_wconf 89' lang='lat' dir='ltr'><strong>lectoribus</strong></span> <span class='ocrx_word' id='word_1_154' title='bbox 1039 2317 1163 2359; x_wconf 84' lang='lat' dir='ltr'><strong>etiam</strong></span> <span class='ocrx_word' id='word_1_155' title='bbox 1200 2314 1488 2357; x_wconf 73' lang='lat' dir='ltr'><strong>mathematice</strong></span> <span class='ocrx_word' id='word_1_156' title='bbox 1523 2315 1657 2357; x_wconf 89' lang='lat' dir='ltr'><strong>doctis</strong></span> <span class='ocrx_word' id='word_1_157' title='bbox 1697 2329 1858 2356; x_wconf 84' lang='lat' dir='ltr'><strong>moram</strong></span> 
     </span>
     <span class='ocr_line' id='line_1_21' title="bbox 159 2387 1858 2446; baseline -0.002 -14"><span class='ocrx_word' id='word_1_158' title='bbox 159 2390 329 2432; x_wconf 87' lang='lat' dir='ltr'><strong>nimiam</strong></span> <span class='ocrx_word' id='word_1_159' title='bbox 348 2390 513 2446; x_wconf 89' lang='lat' dir='ltr'><strong>injicere</strong></span> <span class='ocrx_word' id='word_1_160' title='bbox 531 2390 703 2446; x_wconf 89' lang='lat' dir='ltr'><strong>possint,</strong></span> <span class='ocrx_word' id='word_1_161' title='bbox 726 2397 869 2431; x_wconf 87' lang='lat' dir='ltr'><strong>auctor</strong></span> <span class='ocrx_word' id='word_1_162' title='bbox 889 2389 1095 2442; x_wconf 71' lang='lat' dir='ltr'><strong>esse&#39;nolo</strong></span> <span class='ocrx_word' id='word_1_163' title='bbox 1115 2397 1161 2430; x_wconf 88' lang='lat' dir='ltr'><strong>ut</strong></span> <span class='ocrx_word' id='word_1_164' title='bbox 1180 2389 1396 2445; x_wconf 88' lang='lat' dir='ltr'><strong>quisquam</strong></span> <span class='ocrx_word' id='word_1_165' title='bbox 1416 2403 1484 2429; x_wconf 86' lang='lat' dir='ltr'><strong>eas</strong></span> <span class='ocrx_word' id='word_1_166' title='bbox 1504 2403 1650 2429; x_wconf 92' lang='lat' dir='ltr'><strong>omnes</strong></span> <span class='ocrx_word' id='word_1_167' title='bbox 1671 2387 1835 2429; x_wconf 89' lang='lat' dir='ltr'><strong>evolvat</strong></span> <span class='ocrx_word' id='word_1_168' title='bbox 1845 2403 1858 2437; x_wconf 83' lang='lat'><em>3</em></span> 
     </span>
     <span class='ocr_line' id='line_1_22' title="bbox 161 2451 1862 2519; baseline -0.002 -15"><span class='ocrx_word' id='word_1_169' title='bbox 161 2462 366 2504; x_wconf 86' lang='lat' dir='ltr'><strong>suffecerit</strong></span> <span class='ocrx_word' id='word_1_170' title='bbox 395 2463 520 2519; x_wconf 91' lang='lat' dir='ltr'><strong>siquis</strong></span> <span class='ocrx_word' id='word_1_171' title='bbox 554 2462 827 2513; x_wconf 90' lang='lat' dir='ltr'><strong>definitiones,</strong></span> <span class='ocrx_word' id='word_1_172' title='bbox 864 2462 977 2519; x_wconf 87' lang='lat' dir='ltr'><strong>leges</strong></span> <span class='ocrx_word' id='word_1_173' title='bbox 995 2451 1184 2505; x_wconf 84' lang='lat' dir='ltr'><strong>motuum</strong></span> <span class='ocrx_word' id='word_1_174' title='bbox 1204 2470 1246 2503; x_wconf 90' lang='lat' dir='ltr'><strong>et</strong></span> <span class='ocrx_word' id='word_1_175' title='bbox 1264 2461 1464 2503; x_wconf 91' lang='lat' dir='ltr'><strong>sectiones</strong></span> <span class='ocrx_word' id='word_1_176' title='bbox 1484 2469 1567 2502; x_wconf 86' lang='lat' dir='ltr'><strong>tres</strong></span> <span class='ocrx_word' id='word_1_177' title='bbox 1586 2461 1747 2516; x_wconf 87' lang='lat' dir='ltr'><strong>priores</strong></span> <span class='ocrx_word' id='word_1_178' title='bbox 1765 2458 1862 2502; x_wconf 81' lang='lat' dir='ltr'><strong>libri</strong></span> 
     </span>
     <span class='ocr_line' id='line_1_23' title="bbox 157 2533 1863 2592; baseline -0.001 -15"><span class='ocrx_word' id='word_1_179' title='bbox 157 2535 282 2591; x_wconf 88' lang='lat' dir='ltr'><strong>primi</strong></span> <span class='ocrx_word' id='word_1_180' title='bbox 311 2535 454 2577; x_wconf 91' lang='lat' dir='ltr'><strong>sedulo</strong></span> <span class='ocrx_word' id='word_1_181' title='bbox 473 2535 595 2592; x_wconf 88' lang='lat' dir='ltr'><strong>legat,</strong></span> <span class='ocrx_word' id='word_1_182' title='bbox 624 2535 721 2577; x_wconf 89' lang='lat' dir='ltr'><strong>dein</strong></span> <span class='ocrx_word' id='word_1_183' title='bbox 740 2542 922 2577; x_wconf 88' lang='lat' dir='ltr'><strong>transeat</strong></span> <span class='ocrx_word' id='word_1_184' title='bbox 941 2534 995 2575; x_wconf 87' lang='lat' dir='ltr'><strong>ad</strong></span> <span class='ocrx_word' id='word_1_185' title='bbox 1013 2534 1125 2576; x_wconf 90' lang='lat' dir='ltr'><strong>hunc</strong></span> <span class='ocrx_word' id='word_1_186' title='bbox 1144 2534 1296 2576; x_wconf 91' lang='lat' dir='ltr'><strong>librum</strong></span> <span class='ocrx_word' id='word_1_187' title='bbox 1317 2533 1369 2575; x_wconf 86' lang='lat' dir='ltr'><strong>de</strong></span> <span class='ocrx_word' id='word_1_188' title='bbox 1390 2533 1537 2574; x_wconf 89' lang='lat' dir='ltr'><strong>mundi</strong></span> <span class='ocrx_word' id='word_1_189' title='bbox 1557 2540 1789 2589; x_wconf 89' lang='lat' dir='ltr'><strong>systemate,</strong></span> <span class='ocrx_word' id='word_1_190' title='bbox 1820 2539 1863 2575; x_wconf 91' lang='lat' dir='ltr'><strong>et</strong></span> 
     </span>
     <span class='ocr_line' id='line_1_24' title="bbox 158 2602 1803 2663; baseline 0 -15"><span class='ocrx_word' id='word_1_191' title='bbox 158 2606 334 2663; x_wconf 87' lang='lat' dir='ltr'><strong>reliquas</strong></span> <span class='ocrx_word' id='word_1_192' title='bbox 353 2606 552 2658; x_wconf 85' lang='lat' dir='ltr'><strong>librorum</strong></span> <span class='ocrx_word' id='word_1_193' title='bbox 570 2607 757 2663; x_wconf 87' lang='lat' dir='ltr'><strong>priorum</strong></span> <span class='ocrx_word' id='word_1_194' title='bbox 775 2605 1080 2662; x_wconf 88' lang='lat' dir='ltr'><strong>propositiones</strong></span> <span class='ocrx_word' id='word_1_195' title='bbox 1099 2605 1170 2648; x_wconf 93' lang='lat' dir='ltr'><strong>hic</strong></span> <span class='ocrx_word' id='word_1_196' title='bbox 1190 2605 1336 2647; x_wconf 87' lang='lat' dir='ltr'><strong>citatas</strong></span> <span class='ocrx_word' id='word_1_197' title='bbox 1357 2618 1436 2659; x_wconf 92' lang='lat' dir='ltr'><strong>pro</strong></span> <span class='ocrx_word' id='word_1_198' title='bbox 1455 2603 1587 2645; x_wconf 90' lang='lat' dir='ltr'><strong>lubitu</strong></span> <span class='ocrx_word' id='word_1_199' title='bbox 1606 2602 1803 2648; x_wconf 75' lang='lat' dir='ltr'><strong>consulat,</strong></span> 
     </span>
    </p>
   </div>
   <div class='ocr_carea' id='block_1_6' title="bbox 970 3036 1034 3070">
    <p class='ocr_par' dir='ltr' id='par_1_6' title="bbox 970 3036 1034 3070">
     <span class='ocr_line' id='line_1_25' title="bbox 970 3036 1034 3070; baseline -0.031 0"><span class='ocrx_word' id='word_1_200' title='bbox 970 3036 1034 3070; x_wconf 75' lang='lat'><strong>05</strong></span> 
     </span>
    </p>
   </div>
  </div>
 </body>
</html>
