2092 3470
219 228 303 267 248
550 227 903 278 INQUISITIO
934 229 1206 271 PHYSICA
1236 229 1303 272 IN
1333 228 1593 272 CAUSAM

214 336 338 394 hujus
360 340 524 396 generis
553 340 857 396 phaenomenon
877 341 998 383 fue-rit
1026 341 1297 397 propositum,
1326 310 1408 383 alia
1428 356 1550 383 causa
1570 339 1806 418 investigari
1833 354 1919 382 non

215 418 366 466 potest,
389 412 469 453 nisi
487 428 579 469 quae
599 429 624 454 a
642 414 847 469 principio
866 414 966 455 tales
985 422 1122 455 motus
1141 413 1430 468 procreaverit.

271 489 303 538 §-
326 490 365 526 2.
398 485 540 541 Hujus
559 487 720 543 generis
741 486 848 528 soret
868 486 1052 542 quaestio,
1083 486 1117 526 si
1137 499 1252 541 quaer
1254 494 1390 527 eretur
1410 500 1533 526 causa
1550 482 1686 526 motfis
1706 483 1918 540 vertiginis

212 555 474 610 planetarum
502 573 551 599 ac
587 558 693 601 Solis
705 573 716 608 3
757 558 825 599 hic
856 558 966 599 enim
996 557 1202 598 sufficeret
1231 570 1322 598 eam
1351 570 1517 598 causam
1545 555 1786 612 assignasse,
1823 569 1917 611 quoe

211 626 328 668 initio
356 627 433 669 hos
462 637 598 670 motus
627 629 903 684 produxisset,
936 627 1031 670 cum
1062 628 1135 670 Sol
1163 627 1281 683 aeque
1310 642 1359 668 ac
1388 627 1567 681 planetae
1598 626 1722 667 talem
1756 634 1916 667 motum

213 699 339 740 semel
368 701 578 755 consecuti
608 701 785 743 eundem
813 700 981 756 propria
1012 700 1053 742 vi
1080 699 1282 756 perpetuo
1303 714 1544 740 conservare
1564 698 1753 749 debeant,
1781 714 1916 755 neque

211 768 266 809 ad
285 768 365 810 hoc
385 770 691 824 phaenomenon
712 771 1003 828 explicandum
1023 772 1084 813 vis
1105 771 1190 812 ulla
1214 778 1384 812 externa
1403 770 1525 811 etiam
1545 783 1656 810 nunc
1675 769 1829 811 durans
1848 784 1914 812 re-

210 839 406 894 quiratur.
467 841 614 899 Longe
643 842 761 883 aliter
781 858 824 884 se
845 858 909 884 res
929 843 1066 893 habet,
1099 843 1134 884 si
1162 850 1298 884 motus
1327 850 1585 897 proponatur
1603 856 1737 898 neque
1757 840 1930 882 unifor-'

207 910 298 961 mis,
336 925 470 967 neque
504 911 547 951 in
587 912 790 953 directum
827 913 1072 968 procedens,
1115 912 1345 968 cujusmodi
1379 920 1440 953 est
1479 920 1615 953 motus
1654 911 1914 966 planetarum

205 983 439 1037 periodicus
461 983 569 1025 circa
591 984 756 1026 Solem:
787 984 867 1026 hoc
891 985 1002 1027 enim
1023 1001 1120 1027 casu
1145 985 1312 1027 minime
1333 986 1481 1027 sufficit
1501 1001 1550 1027 ea
1568 986 1642 1036 vis,
1674 999 1767 1042 quae
1795 984 1912 1026 initio

204 1055 389 1110 planetas
423 1056 476 1097 ad
506 1057 736 1099 istiusmodi
765 1066 902 1100 motus
931 1059 1151 1115 impulerit,
1184 1060 1257 1101 sed
1285 1059 1487 1115 perpetuo
1517 1074 1636 1101 novae
1665 1060 1815 1100 virium
1844 1074 1912 1100 ac-

205 1127 337 1168 tiones
367 1128 645 1183 requiruntur,
677 1145 702 1170 a
722 1130 870 1185 quibus
891 1138 975 1171 tam
996 1131 1180 1172 celeritas
1201 1129 1324 1186 quam
1346 1131 1516 1171 directio
1538 1129 1732 1172 continuo
1762 1131 1911 1171 immu-

203 1204 333 1239 tetur:
384 1213 477 1253 quae
506 1199 625 1250 vires,
663 1198 787 1256 quam
818 1200 999 1255 primum
1029 1209 1246 1251 cessarent,
1270 1200 1405 1242 subito
1425 1202 1601 1255 planetae
1631 1201 1785 1242 orbitas
1814 1215 1909 1242 suas

204 1269 453 1321 desererent,
487 1279 609 1328 atque
638 1272 683 1313 in
702 1272 904 1314 directum
924 1280 1039 1314 motu
1059 1273 1251 1328 aequabili
1280 1272 1502 1313 avolarent.
1566 1271 1695 1321 Quod
1715 1273 1749 1314 si
1781 1272 1909 1329 igitur

201 1338 507 1394 phaenomenon
539 1343 815 1399 quodcunque
844 1351 1003 1384 naturae
1037 1351 1306 1399 proponatur,
1343 1343 1437 1385 ante
1472 1334 1613 1383 omniax
1641 1343 1813 1384 sollicite
1847 1351 1910 1385 est

205 1413 508 1470 inquirendum,
542 1417 595 1457 ad
626 1416 835 1472 quodnam
864 1432 995 1474 genus
1016 1417 1060 1458 id
1078 1417 1282 1472 pertineat
1301 1424 1423 1472 atque
1444 1424 1582 1457 utrum
1603 1430 1726 1457 causa
1745 1416 1788 1456 in
1808 1416 1907 1457 vizi-

202 1485 279 1526 bus
315 1488 495 1528 externis
531 1489 582 1529 sit
617 1489 852 1546 quaerenda,
895 1504 949 1530 an
987 1490 1030 1530 in
1068 1490 1160 1544 ipso
1194 1489 1379 1544 subjecto
1414 1487 1629 1543 corpore?
1668 1488 1908 1538 Quinetiam

202 1557 486 1611 saepenumero
517 1574 594 1599 usu
623 1561 762 1601 venire
791 1569 940 1615 potest,
972 1569 1018 1602 ut
1051 1561 1217 1602 effectus
1247 1560 1459 1616 utriusque
1493 1559 1655 1616 generis
1690 1560 1733 1600 in
1762 1559 1908 1601 eodem

200 1627 477 1683 phaenomeno
506 1629 684 1671 multum
713 1632 795 1673 sint
814 1632 922 1673 inter
944 1647 986 1673 se
1005 1632 1225 1686 permixti3
1258 1646 1340 1687 quo
1361 1646 1458 1671 casu
1479 1645 1638 1671 summo
1659 1630 1796 1671 studio
1823 1630 1853 1670 ii
1881 1645 1907 1671 a

202 1714 246 1740 se
280 1699 455 1741 invicem
490 1701 669 1742 discerni
708 1702 801 1743 ante
841 1702 1062 1752 debebunt,
1105 1701 1228 1757 quam
1262 1715 1476 1741 causarum
1519 1700 1778 1756 investigatio
1817 1714 1906 1741 sus-

201 1772 389 1827 cipiatur.

258 1848 288 1897 §.
312 1851 350 1886 3.
384 1844 467 1885 His
498 1844 575 1886 rite
603 1846 816 1901 perpensis
846 1845 1064 1900 explicatio
1095 1845 1259 1895 Galilei,
1295 1860 1417 1901 quam
1448 1845 1490 1885 in
1521 1844 1604 1885 suis
1631 1842 1822 1900 Dialogis
1851 1842 1905 1884 de

201 1913 326 1955 AEstu
350 1915 482 1956 Maris
504 1916 712 1972 assignare
733 1924 795 1957 est
815 1924 997 1966 conatus,
1019 1931 1119 1956 mox
1139 1916 1342 1964 concidit3
1370 1915 1530 1970 putavit
1550 1914 1659 1955 enim
1677 1914 1836 1955 fluxum
1857 1929 1906 1956 ac

199 1988 405 2028 refluxum
424 1988 548 2029 maris
569 1987 729 2030 tantum
751 2004 776 2029 a
795 1989 972 2029 motibus
995 1988 1140 2029 Terrae
1160 1988 1358 2028 rotatorio
1374 1988 1482 2028 circa
1497 2001 1617 2027 axem
1633 1993 1674 2026 et
1692 1986 1905 2040 periodico

201 2060 309 2102 circa
334 2061 474 2103 Solem
494 2061 606 2112 oriri,
638 2077 772 2118 neque
792 2062 880 2102 aliis
900 2062 1054 2103 viribus
1073 2062 1199 2103 tribui
1221 2058 1429 2116 oportere,
1460 2060 1538 2101 nisi
1559 2073 1652 2115 quae
1671 2058 1748 2100 hos
1767 2067 1904 2101 motus

167 2162 169 2164 -
198 2130 287 2174 tum
306 2132 551 2188 producant,
575 2131 670 2175 cum
690 2141 942 2175 conservent.
1002 2133 1193 2189 Namque
1215 2133 1249 2174 si
1266 2147 1469 2188 ponamus
1485 2131 1661 2173 Terram
1681 2131 1769 2172 solo
1788 2138 1904 2172 motu

199 2204 350 2246 diurno
383 2220 471 2247 esse
502 2206 732 2260 praeditam,
766 2206 842 2248 iste
875 2214 1011 2248 motus
1042 2221 1156 2248 mare
1190 2206 1306 2248 aliter
1339 2221 1424 2247 non
1454 2205 1614 2256 afficiet,
1645 2203 1798 2245 nisisid
1826 2203 1904 2250 sub

197 2283 408 2332 aequatore
428 2276 665 2327 attollendo,
697 2292 750 2318 ex
770 2292 853 2333 quo
873 2277 1008 2334 figura
1038 2277 1184 2319 Terrae
1204 2276 1477 2332 sphaeroidica
1506 2289 1741 2330 compressa
1769 2273 1903 2316 nasci—

198 2357 281 2398 tur,
312 2357 448 2390 motus
479 2349 577 2391 vero
598 2351 832 2406 reciprocus
863 2350 907 2391 in
936 2350 1040 2391 mari
1069 2349 1238 2391 omnino
1257 2349 1394 2390 nullus
1414 2348 1511 2389 hinc
1530 2346 1718 2405 generari
1736 2345 1902 2402 poterit.

199 2417 330 2470 Quod
350 2420 385 2461 si
414 2428 551 2462 autem
572 2421 717 2463 Terrae
737 2422 906 2476 insuper
925 2429 1081 2462 motum
1103 2421 1348 2478 aequabilem
1374 2421 1418 2461 in
1438 2420 1639 2461 directum
1658 2418 1901 2470 tribuamus,

196 2492 338 2547 priora
359 2491 636 2547 phaenomena
654 2494 770 2535 nullo
789 2494 915 2535 modo
935 2494 1176 2545 afficientur,
1208 2494 1281 2535 sed
1309 2492 1477 2548 prorsus
1499 2492 1641 2534 eadem
1661 2492 1900 2542 manebunt,

198 2563 550 2619 quemadmodum
580 2579 634 2606 ex
660 2566 872 2622 principiis
892 2567 1143 2608 mechanicis
1165 2565 1385 2608 clarissime
1413 2566 1590 2621 perspici
1616 2565 1724 2616 licet,
1751 2565 1901 2622 quibus

197 2643 358 2678 constat
376 2645 536 2678 motum
555 2638 803 2681 uniformem
823 2640 866 2680 in
887 2639 1087 2682 directum
1108 2639 1297 2681 omnibus
1317 2638 1502 2694 partibus
1523 2637 1751 2693 systematis
1766 2637 1902 2692 quus-

199 2721 363 2763 cunque
398 2722 619 2763 corporum
654 2710 866 2766 aequaliter
899 2710 1146 2765 impressum
1174 2709 1331 2750 nullam
1364 2706 1534 2749 omnine>
1560 2708 1829 2749 mutationem
1857 2707 1901 2748 in

197 2786 310 2820 motu
342 2787 385 2821 et
414 2780 493 2823 situ
522 2782 702 2836 partium
727 2783 896 2824 relativo
926 2782 1090 2824 inferre.
1150 2782 1287 2825 Abeat
1306 2796 1416 2823 nunc
1436 2789 1572 2822 motus
1593 2781 1670 2822 iste
1689 2778 1901 2836 aequabilis

199 2850 343 2891 Terrae
363 2852 407 2892 in
427 2852 630 2895 directum
650 2854 873 2910 impressus
893 2854 936 2895 in
953 2854 1272 2896 circularem'vel
1293 2853 1517 2908 ellipticum
1536 2867 1611 2908 per
1631 2852 1736 2893 vires
1752 2851 1901 2907 quibus

190 2923 333 2971 ‚Terra
359 2925 562 2980 perpetuo
592 2927 646 2968 ad
678 2927 817 2969 Solem
848 2934 1039 2983 urgetur3
1072 2941 1120 2967 ac
1148 2941 1201 2967 ne
1227 2925 1308 2966 hoc
1328 2925 1494 2982 quidem
1515 2939 1611 2966 casu
1631 2922 1739 2964 ullus
1764 2930 1901 2964 motus

197 2995 432 3050 reciprocus
463 2998 507 3038 in
541 2999 646 3040 mari
677 3000 851 3054 produci
885 2999 1063 3054 poterit3
1095 2998 1207 3054 quod
1236 2997 1328 3039 cum
1356 3013 1432 3054 per
1462 3013 1504 3040 se
1532 3005 1594 3039 est
1621 2996 1900 3051 perspicuum,

198 3064 288 3108 tum
309 3066 431 3108 etiam
459 3068 511 3108 ab
542 3069 631 3124 ipso
655 3070 818 3112 Galileo
837 3085 922 3112 non
943 3070 1155 3112 statuitur:
1187 3070 1274 3126 ipse
1295 3071 1402 3112 enim
1424 3084 1509 3111 non
1529 3066 1613 3110 tam
1632 3083 1686 3110 ex
1704 3066 1902 3109 mixtione
