2092 3470
136 233 546 304 Lmen-Tamna]
601 228 922 276 PRINCIPIA
953 231 1446 278 MATHEMATICA.
1791 208 1841 279 ie]

139 346 311 401 poribus
330 345 562 402 pel-iodicis,
584 345 788 387 distantiae
808 345 1028 387 satellitum
1048 360 1074 387 a
1091 353 1234 387 centro
1256 346 1424 387 Saturni
1443 346 1487 388 in
1507 348 1838 391 semi-diametris

140 418 286 458 annuli
312 425 408 464 sunt
436 422 520 466 2‚1.
543 422 655 466 269-
678 421 789 467 3‚75.
813 421 898 468 8,7‚
927 424 970 458 et
999 421 1140 467 25,35.
1202 417 1371 458 Saturni
1399 416 1597 459 diameter
1624 421 1668 461 in
1697 420 1846 463 eodem

138 488 363 542 telescopio
380 495 470 529 erat
488 487 543 529 ad
561 487 811 528 diametrum
831 487 974 528 annuli
1002 495 1049 528 ut
1068 493 1094 529 3
1115 487 1166 528 ad
1190 491 1230 538 7,
1260 495 1302 529 et
1320 487 1519 541 diameter
1537 491 1679 531 annuli
1698 492 1844 534 diebus

130 559 248 602 Maii
277 565 330 601 28
362 566 404 601 et
432 564 488 602 29
518 559 616 601 anni
646 565 770 605 171'9.
800 560 957 615 prodiit
984 561 1080 602 43¹¹.
1139 561 1192 615 (q)
1223 559 1280 602 Et
1296 560 1394 602 inde
1413 560 1613 603 diameter
1629 565 1770 605 annuli
1798 565 1844 607 in

135 631 335 674 mediocri
371 632 539 674 Saturni
571 647 597 673 a
631 630 764 673 Terra
799 630 992 673 distantia
1027 639 1088 673 est
1116 633 1210 672 42⁰.
1247 640 1289 673 et
1316 631 1516 674 diameter
1545 633 1716 674 Saturni
1747 636 1838 676 18''.

137 706 185 758 (f)
218 703 329 745 Haec
363 704 421 744 ita
450 711 546 745 sunt
572 703 616 743 in
645 703 876 758 telescopiis
910 704 1158 760 longissimis
1188 712 1231 745 et
1259 704 1438 759 optimis,
1473 712 1695 760 propterea
1728 706 1841 761 quod

134 775 439 832 magnitudines
469 783 715 830 apparentes
744 789 965 829 corporum
993 774 1222 816 coelestium
1252 775 1296 816 in
1323 775 1579 832 longioribus
1609 776 1842 831 telescopiis

97 907 103 911 ἱ
132 847 332 902 majorem
350 846 531 888 habeant
557 847 869 902 proportionem
889 846 943 887 ad
963 845 1245 888 dilatationem
1268 847 1371 889 lucis
1395 848 1439 889 in
1458 848 1643 890 terminis
1674 848 1839 890 illorum

133 933 355 974 corporum
375 918 501 975 quam
519 919 563 960 in
582 919 853 960 brevioribus.
912 919 958 960 Si
977 919 1184 974 rejiciatur
1203 920 1278 961 lux
1297 921 1430 962 omnis
1450 922 1636 973 erratica,
1657 922 1840 964 mauebit

132 989 333 1032 diameter
355 990 524 1032 Saturni
541 989 655 1031 haud
673 987 806 1046 major
825 988 950 1046 quam
973 991 1064 1031 16⁰.

692 1126 1163 1170 PHAENOMENON
1192 1128 1278 1171 ΙΙΙ.

125 1229 324 1271 Planctus
338 1231 511 1284 quinque
521 1230 757 1284 primarios,
780 1229 1040 1280 Mercurium,
1063 1230 1262 1281 Venerem,
1280 1229 1472 1283 Martem,
1486 1232 1623 1276 Jovem
1644 1238 1683 1273 et
1694 1232 1836 1275 Satur-

630 1317 723 1343 num
742 1299 899 1344 orbibus
918 1304 1000 1344 suis
1019 1304 1145 1345 Solem
1165 1305 1334 1359 cingere.

185 1400 446 1443 Mercurium
486 1407 528 1441 et
561 1400 770 1440 Venerem
804 1399 914 1440 circa
951 1399 1090 1441 Solem
1120 1401 1274 1442 revolvi
1310 1403 1355 1457 (⁸)
1383 1417 1436 1443 ex
1464 1417 1607 1443 eorum
1636 1401 1834 1457 phasibus

123 1475 338 1516 lunaribus
374 1474 692 1515 demonstratur.
769 1473 899 1514 Plena
934 1473 1038 1515 facie
1070 1473 1254 1516 lucentes
1289 1474 1398 1516 ultra
1433 1476 1572 1517 Solem
1606 1475 1672 1516 siti
1710 1482 1832 1525 sunt3

167 1584 212 1628 (⁸¹)
237 1588 255 1606 ‘
279 1587 324 1617 Et
345 1587 416 1616 inde
437 1586 583 1616 diameter
603 1585 723 1615 annuli.
787 1583 871 1619 Quia
891 1582 957 1613 dia-
1058 1584 1098 1626 (⁸)
1131 1587 1147 1605 ⁸
1189 1587 1238 1617 Ea·
1265 1596 1370 1616 emm
1400 1587 1546 1625 plumbus
1579 1585 1751 1617 lunaribus,
1799 1584 1832 1616 si

122 1629 212 1658 metri
238 1633 419 1668 apparentes
444 1633 518 1657 sunt
542 1627 575 1656 in
599 1625 811 1658 distantiarum
837 1625 957 1655 ratione
1001 1627 1132 1658 Veneris
1143 1627 1254 1658 faciem
1269 1627 1432 1666 telescopio
1446 1627 1700 1666 contemplemur,
1716 1629 1749 1657 in
1763 1629 1829 1659 una

121 1669 287 1710 reciproca,
309 1670 388 1700 datis
402 1669 551 1700 diametro
565 1668 673 1700 annuli
688 1667 796 1698 diebus
819 1667 899 1698 Maii
915 1671 956 1698 28
1000 1670 1066 1710 ejus
1087 1670 1304 1710 conjunctione
1325 1680 1399 1700 cum
1415 1669 1599 1709 Sole,p1ena
1614 1670 1692 1700 facie
1706 1670 1827 1710 fulgere

121 1719 154 1743 et
174 1717 216 1745 29
237 1722 321 1743 anno
346 1715 436 1749 1719,
459 1717 491 1742 et
511 1709 657 1741 distantia
681 1710 806 1742 Saturni
824 1720 842 1739 a
859 1708 958 1740 Terra
999 1712 1142 1750 cernitur,
1165 1711 1279 1744 deinde
1299 1713 1408 1752 phasea
1421 1713 1532 1743 habere
1546 1713 1691 1753 phasibus
1712 1712 1828 1744 lunari„

121 1754 230 1786 iisdem
244 1755 355 1786 diebus
369 1753 442 1786 data
457 1756 527 1796 (per
540 1753 691 1784 theoriam
707 1752 853 1793 planetae)
869 1752 956 1783 dabi-

120 1803 173 1827 tur
194 1807 317 1838 quoque
340 1797 489 1827 diameter
513 1796 621 1826 annuli
646 1795 680 1825 iu
706 1793 778 1824 data
808 1793 957 1825 mediocri

120 1838 266 1870 distantia
289 1840 414 1870 Saturni
435 1848 455 1869 a
478 1838 584 1876 Terra,
606 1839 674 1868 haec
689 1843 793 1867 autem
808 1837 957 1867 diameter

120 1881 234 1921 prodiit
255 1881 334 1920 42'';
357 1881 412 1912 sed
437 1881 560 1912 Saturni
583 1880 731 1911 diameter
750 1885 815 1910 erat
828 1879 869 1910 ad
890 1879 956 1910 dia-

121 1930 257 1956 metrum
268 1924 378 1955 annuli
393 1930 429 1955 ut
438 1928 459 1955 3
471 1923 511 1954 ad
526 1926 545 1954 7
557 1925 626 1965 (per
637 1922 772 1961 observ.)
786 1920 879 1963 quare
891 1921 956 1952 dia-

121 1973 220 2021 meter
236 1966 363 1998 Summi
381 1967 417 1996 in
437 1965 584 1996 mediocri
598 1976 617 1996 a
633 1963 732 1996 Terra
745 1963 892 1995 distantia
910 1970 957 1994 est

165 2051 210 2094 (')
234 2053 253 2072 ⁴
278 2053 359 2084 Haec
379 2052 425 2083 ita
445 2057 519 2082 sunt
541 2052 627 2092 (55.)
672 2053 689 2070 ⁴¹
710 2050 743 2080 Si
757 2049 791 2079 in
805 2051 865 2080 hoc
879 2048 956 2079 tele-

122 2095 228 2134 scopio
249 2093 305 2125 lux
327 2093 455 2124 erratica
470 2093 635 2123 subtendat
648 2093 800 2133 angulum
820 2091 958 2122 duorum

122 2136 342 2174 secundorum,
359 2136 412 2175 fiet
426 2135 575 2166 diameter
590 2134 699 2165 annuli
713 2134 771 2164 40⁶
787 2140 818 2164 et
832 2133 957 2164 Saturni

122 2177 180 2210 16'‘
194 2186 231 2210 ut
244 2189 350 2209 revera
366 2179 428 2208 sint
442 2180 475 2207 in
490 2178 609 2208 ratione
625 2181 643 2208 5
659 2177 698 2207 ad
715 2181 743 2206 2.
763 2176 836 2206 hinc
851 2182 957 2206 autem

119 2227 157 2252 ut
178 2219 212 2251 id
236 2221 337 2252 obiter
361 2227 514 2257 notemus,
542 2219 615 2250 cum
637 2218 803 2258 parauaxis
823 2217 904 2248 Solis
922 2217 957 2247 in

120 2261 267 2294 distantia
283 2264 388 2294 Terrae
402 2262 550 2293 mediocri
566 2273 585 2292 a
602 2262 673 2292 Sole
688 2262 727 2291 sit
746 2260 799 2291 ld'
814 2262 876 2290 sive
890 2259 956 2289 dia-

119 2312 218 2336 meter
234 2306 370 2337 Telluris
383 2315 402 2336 ε
420 2305 491 2336 Sole
505 2311 581 2335 tunc
594 2305 658 2334 visa
673 2304 713 2334 sit
727 2302 794 2338 20¹2
812 2302 957 2332 distantia

119 2347 193 2380 vers>
213 2347 378 2379 medium-is
401 2348 507 2379 Terrae
527 2357 546 2377 a
570 2346 642 2378 Sole
655 2347 695 2376 sit
709 2346 748 2376 ad
770 2345 956 2375 mediocrem

121 2389 299 2422 distantiam
324 2391 450 2422 Saturni
475 2400 494 2420 a
520 2388 620 2420 Terra
641 2389 690 2419 v‘el
715 2399 734 2419 a
765 2388 845 2422 Sole,
872 2386 957 2427 quod

120 2431 204 2464 idem
219 2440 266 2464 est
281 2435 327 2475 (n.
346 2433 412 2474 53.)
436 2439 471 2463 ut
489 2436 550 2463 100
563 2431 603 2462 ad
619 2435 691 2468 954,
714 2431 786 2460 hinc
808 2430 957 2460 diameter
1024 2447 1027 2449 -

122 2474 228 2508 Tm
242 2477 300 2507 erit
313 2475 352 2506 ad
366 2476 550 2506 diametrum
567 2475 674 2504 annuli
686 2481 723 2504 ut
737 2477 797 2504 100
809 2473 848 2503 ad
862 2475 953 2507 1908,

120 2517 184 2549 sive
198 2525 234 2549 ut
251 2522 266 2549 1
282 2518 324 2549 ad
341 2522 380 2550 19
395 2524 427 2549 et
447 2517 488 2548 ad
509 2517 696 2548 diametrum
715 2516 814 2555 ipsius
830 2514 956 2545 Saturni

119 2566 157 2591 ut
172 2565 187 2592 1
204 2561 246 2592 ad
259 2562 316 2614 73⁵,-

165 2615 298 2651 Pariter,
320 2613 394 2645 cum
408 2614 557 2644 diameter
570 2613 658 2646 Jovis
677 2612 710 2642 in
725 2611 873 2642 mediocri
887 2610 955 2651 ejus

120 2669 141 2689 a
162 2657 235 2688 Sole
255 2655 401 2687 distantia
421 2657 461 2687 sit
482 2657 560 2699 3⁷³4st
581 2657 681 2697 sitque
705 2654 867 2685 mediocris
892 2653 955 2683 dis-

120 2700 219 2731 tantia
242 2699 347 2730 Terrae
369 2699 410 2730 ad
431 2699 615 2730 mediocrem
638 2698 814 2729 distantiam
833 2695 922 2727 Jovis
935 2705 955 2724 a

122 2742 195 2775 Sole
209 2748 246 2773 ut
261 2746 302 2773 10
315 2741 356 2772 ad
372 2745 436 2780 525
459 2742 517 2772 erit
529 2741 678 2772 diameter
694 2741 810 2776 Terrae,
833 2738 873 2768 ad
887 2737 954 2768 dia-

502 2787 543 2815 25
560 2783 683 2866 {037ss
738 2807 803 2838 sive
816 2812 853 2837 ut
876 2810 891 2836 1
913 2805 954 2836 ad

119 2816 256 2842 metrum
271 2810 359 2842 Jovis
370 2815 406 2841 ut
423 2812 436 2840 l
451 2809 491 2840 ad

122 2878 237 2918 §.6853
268 2879 372 2920 sicque
393 2878 541 2909 diameter
561 2877 648 2908 Jovis
662 2882 707 2907 est
721 2876 840 2907 circiter
860 2871 952 2905 dimi-
992 2875 1052 2905 bus
1086 2873 1257 2905 simillimas
1291 2879 1472 2914 partemque
1510 2872 1716 2904 illuminatam
1755 2873 1820 2904 Soli

122 2921 175 2952 dia
188 2921 327 2953 diametri
341 2921 449 2952 annuli
468 2919 602 2955 Saturni,
625 2925 656 2949 et
670 2926 716 2949 est
729 2919 769 2949 ad
783 2918 879 2957 ipsius
895 2918 951 2948 Sa-
993 2923 1168 2947 constanter
1194 2919 1350 2948 obvertere
1379 2915 1508 2946 videtur.
1567 2912 1656 2946 Dum
1680 2914 1752 2947 verb
1780 2915 1820 2959 ad

119 2966 205 2995 turni
226 2965 410 2996 diametrum
432 2970 468 2993 ut
490 2966 509 2994 5
531 2961 572 2991 ad
592 2964 622 2990 4.
672 2962 750 2992 Solis
764 2967 868 2991 autem
883 2960 950 2991 dia-
992 2959 1118 2990 alteram
1134 2960 1383 3001 conjunctionem
1398 2967 1471 2988 cum
1487 2958 1559 2989 Sole
1572 2959 1716 2998 pervenit,
1733 2965 1819 2988 tene-

119 3013 217 3038 meter
230 3017 301 3038 vem
313 3013 360 3038 est
373 3006 494 3037 circiter
507 3003 638 3043 decupla
651 3004 791 3035 diametri
805 3003 828 3035 J
829 3003 902 3033 ovis.
991 3002 1054 3032 bris
1067 3002 1249 3039 obvolvitur,
1261 3007 1292 3032 et
1306 3010 1529 3042 nonuunquam
1541 3011 1595 3042 per
1605 3000 1724 3032 discum
1739 3000 1819 3031 Solis
