2092 3470
628 208 711 250 ET
741 205 1078 249 REFLUXUS
1109 204 1321 246 MARIS.
1739 203 1823 240 223

129 321 386 376 sphaeroidiss
405 335 567 376 semper
594 308 804 362 normalis.
865 326 906 362 2.
934 318 1128 361 Fluidum
1159 317 1202 357 in
1231 315 1342 357 recta
1361 305 1503 372 quavis
1524 314 1560 356 P
1582 314 1619 356 C
1638 329 1664 355 a
1682 327 1825 367 super-

129 392 222 433 ficie
251 387 519 433 adsscentrum
548 390 685 441 ducta,
716 390 901 446 ejusdem
926 389 1079 445 ubique
1102 402 1190 429 esse
1218 386 1426 441 ponderis.
1488 392 1526 426 3.
1559 383 1754 426 Fluidum
1781 383 1825 424 in

130 465 338 507 canalibus
367 465 577 521 quibusvis
597 480 622 506 a
641 464 857 519 superficie
878 463 931 504 ad
950 463 1090 504 datam
1109 446 1295 516 quamvis
1325 457 1572 512 particulam
1602 458 1710 498 intra
1729 455 1826 498 soli-

129 534 230 576 dum
248 535 398 586 ductis,
421 534 566 577 eadem
586 549 748 590 semper
766 535 807 575 vi
827 533 1071 589 particulam
1090 531 1203 572 illam
1221 544 1382 586 urgere.
1403 573 1410 579 ‚

187 611 224 646 1.
254 606 375 647 Vires
403 615 503 648 totae
522 622 618 663 quae
634 614 764 663 agunt
782 606 826 646 in
843 605 1065 660 particulas
1095 604 1137 644 A
1157 610 1200 643 et
1219 602 1257 643 B
1287 601 1478 641 dicantur
1509 600 1561 641 M
1583 608 1624 641 et
1644 600 1701 650 N,
1733 615 1828 656 quae

129 688 183 715 ex
210 674 431 730 hypothesi
460 684 556 717 sunt
582 676 627 716 in
655 676 813 718 ratione
842 674 983 715 axium
1004 673 1041 714 C
1063 672 1102 714 B
1122 679 1165 712 et
1186 671 1223 712 C
1243 670 1297 711 A.
1320 673 1323 675 ’
1359 669 1608 710 Resolvatur
1627 669 1687 709 vis
1714 670 1828 723 prior

39 761 44 765 ’
129 755 325 788 extranea
344 763 438 804 quae
457 749 543 805 agit
563 746 788 789 secundum
809 754 963 788 rectam
986 745 1022 786 P
1038 743 1075 785 C
1094 744 1138 784 in
1157 743 1264 783 vires
1285 741 1402 791 duas,
1419 741 1591 782 alteram
1604 741 1674 781 axi
1693 742 1829 795 paral-

130 817 272 869 lelam2
297 819 468 860 alteram
496 820 629 861 eidem
656 817 1066 874 perpendicularem3
1111 822 1314 870 eruntque
1346 814 1414 855 hae
1447 814 1556 854 vires
1590 828 1751 868 semper
1784 821 1830 854 ut

129 897 252 930 rectae
274 889 310 930 P
332 889 375 930 K
405 897 445 931 et
476 890 519 930 K
541 890 590 931 C.
651 889 777 931 Unde
807 886 908 929 clim
927 887 988 927 vis
1009 885 1090 942 qua
1109 885 1289 942 gravitas
1307 884 1522 940 particulae
1544 884 1580 925 P
1598 891 1720 940 urget
1739 898 1831 924 eam

129 959 358 1001 secundum
378 969 534 1003 rectam
555 962 591 1002 P
614 961 656 1002 K
676 961 728 1002 sit
748 960 871 1001 etiam
900 967 947 1000 ut
977 959 1014 1000 P
1036 959 1094 1008 K,
1123 971 1199 1012 per
1219 958 1395 999 Lemma
1415 956 1616 1011 superiuS,
1649 956 1831 1012 sequitur

128 1031 212 1072 vim
240 1040 367 1073 totam
396 1031 477 1088 qua
505 1033 706 1087 particula
737 1032 772 1073 P
801 1039 972 1088 urgetur
1000 1028 1227 1071 secundum
1255 1037 1411 1070 rectam
1426 1042 1428 1045 ’
1442 1029 1478 1070 Ρ
1501 1029 1556 1078 Κ,
1588 1044 1678 1070 esse
1697 1029 1748 1070 ad
1772 1029 1828 1079 N,

129 1109 176 1142 ut
197 1101 234 1142 P
249 1101 290 1143 K
310 1101 364 1142 ad
385 1102 425 1157 C*
439 1102 489 1144 B.
539 1102 659 1143 Vires
679 1110 762 1143 tres
783 1109 913 1158 agunt
932 1100 1240 1154 in0particulam
1262 1099 1299 1140 P
1318 1097 1547 1140 secundum
1565 1106 1717 1139 rectam
1735 1099 1771 1139 P
1785 1099 1830 1140 D

131 1173 200 1214 axi
227 1173 479 1227 parallelam,
512 1174 726 1228 particulae
757 1174 911 1214 scilicet
939 1173 1116 1228 gravitas
1146 1179 1188 1212 et
1216 1171 1311 1212 duae
1339 1172 1449 1212 vires
1480 1179 1700 1221 extraneae,
1737 1186 1831 1227 quae

132 1231 305 1300 singulae
324 1244 535 1284 variantur
554 1244 598 1284 in
618 1245 777 1285 ratione
796 1252 920 1284 rectae
943 1243 979 1284 P
999 1243 1043 1283 D
1063 1241 1125 1282 vel
1151 1242 1193 1282 K
1216 1241 1251 1282 C
1266 1257 1278 1290 3
1309 1241 1495 1297 adeoque
1514 1242 1575 1282 vis
1596 1257 1649 1282 ex
1677 1241 1742 1282 his
1760 1242 1831 1282 tri-

130 1314 209 1355 bus
229 1315 432 1356 resultans
453 1315 532 1356 erit
550 1315 604 1356 ad
633 1315 686 1356 M
705 1322 752 1355 ut
773 1315 809 1355 C
833 1314 875 1355 K
896 1314 949 1354 ad
971 1314 1006 1354 C
1028 1314 1082 1354 A.
1140 1313 1216 1354 Vis
1236 1313 1362 1369 igitur
1382 1312 1461 1369 qua
1482 1314 1683 1368 particula
1705 1315 1741 1355 P
1760 1330 1831 1355 ur-

129 1394 252 1442 getur
278 1386 505 1428 secundum
532 1394 685 1428 rectam
718 1387 754 1428 P
777 1387 818 1427 K
849 1394 911 1427 est
940 1385 995 1426 ad
1022 1384 1106 1425 vim
1126 1383 1207 1440 qua
1229 1392 1401 1441 urgetur
1421 1384 1648 1426 secundum
1676 1394 1832 1426 rectam

133 1456 1437 1564 PDutN—{jngssadMggcsivessfimMan
1475 1480 1832 1545 CB20A)ut

133 1594 169 1636 P
192 1594 234 1635 K
268 1603 302 1637 Χ
333 1594 370 1635 C
392 1592 461 1635 ΑΕζ
480 1595 535 1636 ad
557 1596 594 1637 C
615 1596 658 1637 K
691 1604 724 1638 Χ
757 1596 793 1637 C
815 1596 852 1637 B
872 1594 900 1638 ².
921 1597 948 1638 i.
969 1612 1004 1638 e.
1028 1597 1240 1652 (quoniam
1260 1597 1295 1638 si
1316 1596 1353 1640 P
1373 1598 1413 1639 L
1432 1598 1567 1652 ellipsi
1585 1597 1832 1654 generatrici

129 1664 482 1719 perpendicularis
511 1674 714 1708 occurrat'
730 1667 799 1707 axi
828 1668 869 1708 A
890 1683 916 1708 a
942 1668 987 1708 in
1016 1668 1068 1718 L,
1100 1669 1179 1709 erit
1210 1669 1252 1709 K
1275 1669 1312 1710 C
1332 1669 1386 1710 ad
1409 1669 1451 1710 K
1473 1669 1525 1719 L,
1547 1677 1594 1710 ut
1616 1670 1652 1711 C
1673 1670 1714 1710 A
1733 1667 1749 1691 2
1777 1669 1832 1710 ad

132 1736 168 1777 C
192 1737 228 1777 B
250 1736 279 1786 ²,
312 1752 365 1778 ex
393 1737 491 1779 nota
522 1738 674 1793 ellipsis
702 1739 972 1794 proprietate)
1002 1747 1049 1780 ut
1079 1740 1116 1781 P
1147 1740 1190 1781 K
1224 1749 1258 1782 ><
1290 1740 1333 1781 Κ
1362 1740 1399 1781 C
1427 1740 1482 1781 ad
1512 1740 1554 1781 K
1578 1740 1614 1781 C
1646 1749 1680 1782 Χ
1713 1740 1756 1781 Κ
1777 1739 1829 1790 L,

130 1806 317 1862 adeoque
335 1815 380 1848 ut
403 1807 438 1848 P
461 1807 504 1848 K
524 1808 578 1849 ad
599 1809 642 1850 K
664 1809 715 1850 L.
765 1809 903 1869 ‘Unde
923 1810 984 1850 vis
1005 1811 1230 1865 composita
1249 1810 1493 1865 particulam
1516 1819 1637 1867 urget
1656 1811 1700 1851 in
1718 1810 1830 1852 recta

133 1875 169 1916 P
182 1876 233 1925 L,
259 1890 352 1930 quae
372 1876 424 1917 ad
446 1878 705 1931 superficiem
718 1879 834 1919 fluidi
853 1879 1022 1933 ponitur
1040 1879 1391 1934 perpendicularis
1402 1895 1414 1929 3
1445 1887 1589 1935 estque
1609 1894 1772 1935 semper
1785 1889 1832 1922 ut

130 1953 241 1985 recta
258 1944 348 1985 haec
371 1946 407 1986 P
428 1946 479 1996 L,
501 1945 596 1987 cum
615 1948 721 1988 vires
742 1947 969 1989 secundum
988 1957 1118 1990 rectas
1140 1949 1177 1990 P
1199 1949 1241 1990 K
1263 1950 1344 1990 sint
1364 1964 1525 2004 semper
1547 1958 1593 1990 ut
1614 1950 1650 1990 P
1665 1950 1720 1991 K.

189 2021 228 2056 2.
262 2017 326 2058 Sit
355 2016 394 2057 L
416 2017 450 2058 Z
478 2018 672 2059 normalis
702 2017 746 2058 in
775 2019 1140 2060 semi-diametrum
1173 2020 1209 2061 C
1232 2020 1280 2070 P,
1311 2028 1353 2061 et
1372 2020 1432 2060 vis
1453 2019 1532 2075 qua
1559 2020 1762 2074 particula
1793 2021 1829 2062 P

133 2083 306 2144 urgetu'r
339 2087 481 2129 versus
521 2098 720 2140 centrum,
761 2090 840 2132 erit
878 2099 925 2132 ut
962 2099 1074 2133 recta
1114 2092 1150 2134 P
1170 2093 1204 2133 Z
1240 2107 1316 2147 per
1354 2093 1539 2149 vulgaria
1578 2091 1830 2134 mechanicae

131 2159 348 2213 principia,
372 2167 414 2200 et
433 2160 595 2214 pondus
614 2161 730 2202 fluidi
749 2162 793 2202 in
811 2161 921 2203 recta
944 2163 980 2203 P
997 2163 1034 2213 C
1054 2171 1100 2204 ut
1118 2164 1402 2221 rectangulum
1420 2165 1456 2205 C
1474 2165 1511 2205 P
1537 2173 1571 2206 ><
1598 2164 1635 2206 Ρ
1651 2165 1698 2215 Ζ,
1717 2164 1830 2221 quod

131 2243 292 2284 semper
312 2237 374 2270 est
400 2231 557 2286 aequale
577 2228 776 2287 quadrato
796 2246 850 2273 ex
869 2234 1060 2283 semi-axi
1091 2235 1127 2275 C
1150 2235 1188 2276 B
1216 2250 1291 2290 per
1311 2236 1487 2277 Lemma
1506 2236 1566 2278 ΙΙ.
1629 2237 1828 2278 Centrum

130 2298 256 2354 igitur
274 2300 488 2355 aequaliter
507 2301 691 2358 undique
710 2311 893 2359 urgetur,
915 2311 1056 2359 estque
1074 2306 1249 2347 fluidum
1269 2308 1312 2348 in
1332 2307 1561 2363 aequilibrio
1579 2308 1622 2349 in
1644 2308 1694 2350 C.

188 2374 227 2410 3.
261 2369 324 2410 Sit
345 2384 374 2424 p
393 2371 596 2425 particula
614 2373 768 2427 quaevis
788 2372 832 2412 in
852 2373 985 2414 solido
1005 2374 1240 2431 ubicunque
1261 2377 1350 2427 sita,
1385 2377 1421 2418 P
1438 2392 1468 2431 p
1497 2385 1610 2418 recta
1629 2379 1784 2433 quaevis
1803 2394 1828 2420 a

130 2438 346 2492 superficie
365 2441 418 2481 ad
436 2441 682 2495 particulam
701 2457 730 2497 p
751 2442 874 2484 ducta
885 2458 897 2492 3
929 2443 1010 2485 sint
1022 2444 1067 2486 uP
1083 2445 1139 2495 K,
1159 2446 1218 2500 pl
1237 2446 1442 2488 normales
1463 2447 1506 2487 in
1527 2462 1646 2488 axem
1667 2448 1708 2488 A
1727 2463 1765 2498 a,
1787 2457 1828 2491 et

129 2509 191 2550 vis
210 2509 290 2565 qua
309 2513 508 2565 particula
535 2529 565 2569 p
594 2523 764 2571 urgetur
783 2515 968 2570 pondere
987 2516 1105 2557 fluidi
1125 2517 1167 2557 in
1187 2517 1298 2559 recta
1319 2517 1462 2574 quavis
1495 2519 1530 2559 P
1549 2533 1577 2572 p
1598 2518 1827 2563 secundum

129 2578 237 2620 hanc
275 2589 441 2633 rectam,
482 2584 592 2625 facili
631 2585 788 2626 calculo
822 2600 944 2641 quem
982 2586 1191 2628 brevitatis
1230 2588 1362 2644 gratia
1402 2588 1558 2637 omitto,
1595 2588 1823 2631 invenietur

130 2659 442 2767 aequ³¹i⁵2¹gss
466 2694 499 2727 ><
539 2661 1381 2772 PK—Lw-fflxx-crzeffl
1413 2708 1454 2730 =
1479 2691 1840 2746 <01=m1M=N22

133 2821 257 2864 CB:
285 2822 391 2874 CA)
413 2787 1822 2906 ww

135 2933 1440 3045 -Μῶ-(ἐξὲζῖέ-ΟέέῳὰωΡΚὲιοΑε-οκθκ
1473 2963 1807 3009 013220A2

899 3072 973 3102 ΒΞ
