2092 3470
131 200 237 244 cn».
260 201 372 252 111.]
409 172 432 188 ”
538 166 543 169 ’
633 200 722 243 AD
753 200 1051 245 TER‘rlUM
1082 200 1347 245 LIBRUM.
1743 208 1850 249 xxxi·

77 336 86 346 ·
126 317 222 359 duae
251 317 382 359 stellae
410 315 509 358 fixae
537 330 715 373 quarum
744 315 941 358 distantia
970 330 1176 372 apparens
1201 317 1243 377 in
1270 318 1440 359 minutis
1469 322 1661 362 secundis
1680 322 1848 363 aliunde

123 399 223 433 nota
251 391 316 442 sit,
347 391 430 432 sint
455 390 498 432 in
526 390 601 432 filo
629 389 897 442 transversali
926 389 969 432 K
991 389 1044 440 L,
1066 389 1214 450 positae
1234 398 1504 446 verseturque
1524 393 1694 436 cochlea
1713 394 1849 436 donec

122 464 241 506 filum
270 465 424 507 mobile
452 464 482 505 h
514 464 566 516 L,
598 479 675 520 per
704 474 892 507 centrum
922 478 965 515 x,
997 463 1128 505 stellae
1159 463 1281 504 unius
1302 472 1498 514 transeat,
1530 464 1698 508 alterius
1718 467 1850 509 stellae

122 544 267 578 centro
298 550 354 585 m,
390 535 458 577 vel
487 550 530 586 n,
567 536 772 578 existente
801 536 845 577 in
876 534 959 577 alio
979 534 1052 576 filo
1079 550 1104 576 a
1133 535 1175 585 b,
1199 534 1310 576 vele
1330 534 1372 576 d.
1436 533 1537 576 Hac
1557 536 1850 582 observatione

121 617 266 650 notum
287 609 367 651 erit
386 610 551 651 cuinam
570 609 780 651 distantiae
800 608 1018 664 apparenti
1040 607 1291 663 respondeat
1309 606 1531 664 longitudo
1551 623 1593 648 m
1608 619 1652 658 x,
1674 610 1740 650 vel
1761 625 1789 651 n
1804 626 1849 662 x,

122 679 166 720 in
185 679 306 722 lineis
329 690 370 722 et
390 681 513 723 lineae
531 682 721 736 partibus
749 681 858 732 data,
889 690 931 722 et
951 676 1049 722 ‘inde
1070 680 1146 735 per
1165 680 1452 735 proportionis
1474 679 1676 738 regulam,
1709 681 1851 724 obser·

119 753 213 795 vata
245 754 428 810 qualibet
457 754 543 797 alia.
569 755 752 797 siderum
784 752 981 796 distantia
1012 768 1039 794 n
1072 769 1112 809 q,
1146 753 1315 795 dabitur
1343 753 1523 810 angulus
1555 753 1633 796 sub
1654 769 1740 809 quo
1760 753 1852 797 haec

119 825 316 867 distantia
345 825 461 867 nudo
491 826 615 868 oculo
641 823 865 876 videretur,
888 824 1106 866 inferendo
1127 824 1209 866 sic:
1242 834 1288 866 ut
1308 840 1348 866 m
1370 836 1399 866 x
1420 824 1485 866 vel
1507 839 1534 865 n
1555 835 1584 866 x
1604 824 1659 866 ad
1681 839 1710 866 n
1731 841 1771 881 q,
1795 825 1852 868 ita

119 898 314 941 distantia
343 915 550 956 apparens
581 896 795 942 stellarum
825 899 1003 940 duarum
1034 914 1089 949 m,
1118 898 1181 939 vel
1205 913 1247 948 n,
1271 908 1313 940 ct
1331 913 1360 939 x
1383 898 1437 939 ad
1458 897 1701 939 distantiam
1721 913 1850 955 appa-

118 979 279 1012 rentem
298 980 551 1026 punctorum
567 987 595 1012 n
616 981 658 1014 et
678 987 718 1028 q.
781 967 1009 1013 Moveatur
1024 971 1112 1026 jam
1134 964 1340 1026 quadrum
1364 967 1402 1011 E
1421 970 1455 1011 F
1475 969 1520 1017 H
1544 971 1584 1015 G
1603 985 1683 1025 ope
1707 964 1851 1027 recep-

116 1041 244 1083 taculi
265 1042 396 1084 striati
416 1042 551 1085 donec
571 1043 690 1084 filum
710 1044 798 1099 ejus
819 1040 1035 1085 sericumh
1051 1042 1103 1091 L,
1112 1040 1257 1084 exacte
1273 1041 1495 1082 conveniat
1515 1041 1684 1084 cuilibet
1699 1039 1752 1084 ex
1768 1042 1851 1085 filis

115 1116 326 1170 parallelis
355 1116 526 1158 alterius
555 1116 718 1173 quadri,
750 1124 1000 1172 noteturque
1029 1113 1183 1170 positio
1211 1114 1495 1155 auricularum
1528 1112 1779 1170 receptaculi
1810 1125 1853 1158 et

117 1188 268 1230 iterum
288 1199 504 1233 moveatur
530 1190 839 1246 receptaculum
862 1189 996 1231 donec
1017 1188 1128 1230 idem
1151 1188 1268 1229 filum
1291 1186 1439 1243 quadri
1462 1186 1501 1228 E
1519 1186 1554 1228 F
1574 1186 1625 1229 H
1641 1184 1685 1228 G
1706 1190 1853 1243 proxi-

115 1274 187 1301 mo
202 1260 275 1302 filo
289 1261 458 1303 alterius
474 1270 694 1319 congruat,
708 1261 788 1312 vel,
806 1256 920 1317 qu'od
941 1258 1052 1302 idem
1069 1268 1144 1309 est,
1162 1267 1381 1300 moveatur
1394 1257 1600 1325 quadrum
1618 1259 1657 1300 E
1676 1259 1711 1300 F
1728 1261 1781 1302 H
1797 1262 1854 1314 G,

114 1346 192 1387 per
211 1334 392 1389 spatium
414 1343 592 1391 quatuor
611 1334 831 1395 linearum,
853 1340 1210 1387 numerentunque
1240 1331 1519 1373 revolutiones
1541 1333 1789 1387 receptaculi
1811 1341 1854 1375 et

114 1412 255 1459 partes
286 1406 410 1446 unius
440 1405 714 1446 revolutionis
744 1419 839 1460 quae
869 1402 1038 1444 filorum
1067 1402 1289 1444 intervallo
1317 1402 1521 1444 linearum
1543 1412 1723 1459 quatuor
1751 1419 1853 1446 con-

115 1478 300 1521 veniunt.
365 1479 586 1521 Condatur
615 1478 787 1520 tandem
817 1477 960 1518 tabula
990 1475 1298 1517 revolutionum
1329 1476 1580 1530 receptaculi
1609 1485 1651 1517 et
1670 1477 1853 1532 partium

115 1550 204 1604 ejus
235 1565 330 1606 quae
359 1550 535 1608 singulis
564 1549 737 1591 minutis
756 1547 905 1604 primis
925 1555 968 1589 et
988 1546 1184 1588 secundis
1205 1561 1257 1588 ex
1279 1555 1382 1588 noto
1402 1545 1593 1601 superius
1613 1555 1703 1589 toto
1724 1548 1854 1592 inter-

0 1631 6 1652 Ι
115 1621 225 1662 vallo
245 1622 464 1663 debentur.
1132 1615 1135 1618 ⁵

2 1681 7 1688 ¹
173 1699 241 1735 38.
275 1693 364 1736 Ubi
394 1694 596 1735 diameter
623 1693 890 1749 planetarum
918 1691 997 1733 erit
1025 1689 1301 1741 observanda,
1323 1690 1486 1732 directo
1507 1690 1734 1746 telescopio
1753 1705 1850 1733 cum

114 1764 380 1807 micrometro
414 1765 470 1807 ad
502 1766 715 1821 planetam
749 1764 808 1807 ita
836 1764 1114 1820 disponantur
1142 1763 1215 1805 fila
1249 1762 1460 1804 movendo
1495 1763 1768 1819 telescopium
1804 1773 1852 1806 ut

116 1837 274 1879 sideris*
293 1839 447 1881 limbus
482 1854 614 1881 unum
650 1854 703 1881 ex
732 1834 814 1892 filis
847 1837 1057 1892 parallelis
1087 1836 1373 1878 immobilibus
1408 1846 1652 1891 percurrat3
1696 1835 1850 1878 deinde

114 1911 421 1965 receptaculum
451 1918 730 1960 convertatur,
762 1906 898 1951 donec
926 1908 1046 1950 filum
1075 1908 1231 1950 mobile
1257 1907 1432 1949 limbum
1452 1908 1630 1950 alterum
1666 1908 1849 1963 planeta:

112 1981 340 2038 contingat.
421 1981 696 2023 Manifestum
731 1989 794 2022 est
829 1995 882 2022 ex
912 1979 1108 2022 distantia
1139 1979 1306 2038 cognita
1339 1979 1450 2021 inter
1485 1980 1557 2020 fila
1594 1980 1847 2022 micrometri

113 2067 208 2109 quoe
241 2053 451 2108 planetam
485 2051 860 2108 comprehendunt,
902 2061 1046 2093 notam
1078 2051 1169 2093 fieri
1212 2051 1394 2107 planeta}
1430 2051 1678 2092 diametrum
1716 2066 1847 2108 appa-

113 2133 287 2168 rentem.
660 2135 663 2137 ’

175 2203 243 2239 39.
274 2196 390 2239 Data
422 2197 699 2239 declinatione
730 2204 773 2239 et
802 2196 1045 2238 ascensione
1074 2196 1187 2238 recta
1209 2196 1341 2238 stellae
1363 2196 1473 2246 fixae,
1502 2195 1678 2237 inveniri
1709 2206 1847 2253 potest

113 2267 281 2310 alterius
312 2268 443 2310 stellae
473 2268 697 2311 declinatio
725 2277 768 2310 et
798 2268 986 2310 ascensio
1017 2277 1143 2318 recta,
1176 2267 1304 2310 modo
1326 2277 1463 2310 tamen
1485 2268 1581 2309 duae
1609 2268 1694 2310 illae
1714 2268 1846 2311 stellae

111 2341 288 2383 transire
309 2342 489 2384 vicissim
509 2342 671 2397 possint
689 2355 766 2397 per
787 2354 983 2398 campum
1005 2340 1220 2396 telescopii
1241 2341 1415 2382 immoti.
1484 2340 1550 2382 Ita
1570 2341 1680 2383 enim
1702 2342 1846 2398 dispo-

110 2420 264 2456 nantur
292 2412 366 2454 fila
393 2413 594 2469 parallela
622 2414 881 2455 mic1·omet1·i
917 2422 964 2455 ut
998 2421 1136 2454 motus
1173 2412 1347 2454 diurnus
1378 2413 1509 2455 stelloe
1543 2429 1637 2469 quae
1667 2414 1841 2457 alteram

111 2486 312 2540 praecedit
332 2486 406 2528 fiat
426 2501 551 2542 super
572 2501 706 2528 unum
725 2502 779 2528 ex
800 2486 882 2527 illis
908 2486 948 2529 E
967 2486 1023 2528 G.
1087 2487 1224 2541 Super
1244 2501 1268 2527 a
1284 2486 1326 2537 b,
1351 2486 1392 2527 in
1414 2501 1497 2542 quo
1518 2487 1599 2528 situ
1623 2486 1739 2527 filum
1762 2502 1785 2529 c
1801 2486 1843 2538 d,

112 2565 295 2612 exponet
313 2558 551 2612 portionem
580 2558 778 2615 exiguam
807 2557 995 2613 paralleli
1015 2573 1139 2614 quem
1161 2557 1279 2599 stella
1300 2557 1511 2609 describit,
1534 2568 1576 2600 et
1596 2558 1712 2599 filum
1740 2558 1781 2600 K
1806 2559 1844 2602 L

110 2629 218 2671 illud
256 2630 312 2671 ad
351 2630 527 2688 angulos
575 2639 712 2673 rectos
751 2630 1019 2682 intersecans,
1070 2630 1274 2672 circulum
1320 2630 1500 2686 aliquem
1541 2630 1842 2674 declinationis.

114 2701 297 2743 Notetur
345 2702 545 2758 temporis
593 2711 854 2744 momentum
894 2717 978 2758 quo
1018 2702 1138 2744 stella
1176 2701 1420 2758 praecedeus
1465 2702 1538 2743 filo
1578 2703 1843 2745 transversali

112 2774 295 2815 occurrit
323 2774 367 2815 in
397 2789 453 2814 m.
516 2774 716 2816 Similiter
744 2774 919 2816 immoto
946 2773 1173 2829 telescopio
1195 2774 1438 2815 observetur
1458 2768 1624 2828 tempus
1643 2775 1844 2830 appulsus

114 2846 282 2888 alterius
315 2862 389 2888 seu
422 2848 630 2903 sequentis
662 2848 810 2889 sideris
846 2847 900 2889 ad
931 2843 1042 2889 idem
1074 2847 1191 2889 filum
1222 2847 1497 2890 transversale
1532 2863 1604 2890 seu
1640 2849 1844 2891 circulum

116 2917 415 2969 declinationis,
455 2928 498 2960 et
532 2919 567 2960 si
603 2918 760 2961 interea
795 2919 914 2961 filum
949 2919 1194 2974 parallelum
1232 2919 1386 2973 mobile
1420 2918 1449 2959 h
1489 2919 1540 2970 L,
1578 2920 1703 2962 sideri
1748 2920 1844 2962 huic

0 2803 1 2806 Α
0 2667 15 2795 ‚qm-0-

119 2998 296 3045 aptetur,
328 2991 505 3033 immoto
535 2999 730 3033 manente
760 2992 1027 3032 micrometro
1057 3006 1137 3046 ope
1167 2990 1374 3032 distantiae
1395 3005 1436 3032 m
1459 3005 1499 3043 x,
1525 2991 1688 3033 filorum
1711 3008 1734 3034 a
1756 2992 1783 3034 b
1804 3002 1843 3034 et
