2092 3470
491 207 746 252 FLUXUS
775 209 858 252 Ac
890 208 1231 254 REFLUXUS
1261 210 1474 256 MARIS.
1758 213 1844 257 311'

119 321 209 364 tum
244 323 368 371 Luna
400 323 456 365 ad
486 332 740 380 aequatorem
768 334 996 378 versentur,
1032 326 1078 368 id
1111 327 1226 382 quod
1254 342 1351 368 cum
1383 327 1639 384 experientia
1665 328 1841 370 mirifice

121 392 325 437 convenit.
387 395 602 445 Quoniam
629 405 767 439 autem
796 397 889 440 haec
917 413 972 440 ex
1000 397 1140 439 valore
1168 397 1298 452 ipsius
1318 414 1348 455 g
1368 408 1553 441 assumto
1575 415 1839 456 consequun-

119 475 201 518 tur,
233 468 436 524 imprimis
466 470 603 511 notari
633 479 810 527 oportet,
842 471 1022 513 litteram
1044 486 1074 528 g
1093 485 1181 511 non
1205 484 1329 525 posse
1349 471 1536 513 absolute
1557 472 1837 523 determinari,

118 538 193 580 sed
213 539 299 594 ejus
321 540 606 596 quantitatem,
640 542 795 598 quippe
816 558 910 598 quae
928 542 1202 584 mobilitatem
1221 542 1348 583 totius
1369 544 1515 584 oceani
1542 552 1713 600 spectat,
1746 542 1842 586 clim

118 610 171 651 ab
201 612 442 653 extensione
471 611 562 654 tum
591 613 715 654 etiam
743 613 1027 669 profunditate
1055 613 1182 654 maris
1210 611 1420 667 pendere;
1451 629 1505 654 ex
1534 630 1618 670 quo
1644 615 1768 657 variis
1797 615 1841 656 in

116 683 219 725 locis
239 684 331 726 haec
352 686 499 727 eadem
517 686 654 728 littera
672 702 715 743 g,
737 687 871 728 varias
892 686 1217 744 significationes
1237 685 1446 727 sortietur.

179 759 210 809 §.
233 762 302 798 89.
336 757 405 798 Ex
433 757 638 799 solutione
666 757 818 799 horum
847 757 1027 798 duorum
1052 756 1376 806 problematum,
1399 770 1494 813 quae
1525 757 1694 813 quidem
1723 759 1767 800 in
1797 775 1841 801 se

121 835 305 882 spectata
333 843 420 869 non
450 829 585 870 solum
614 837 710 870 sunt
738 828 966 871 attentione
995 828 1135 885 digna,
1169 828 1243 869 sed
1272 829 1397 870 etiam
1417 827 1514 870 cum
1533 829 1722 885 analysin
1748 830 1840 873 tum

115 900 241 941 etiam
275 900 412 942 motus
445 902 659 943 scientiam
692 901 960 956 amplificant,
997 900 1184 957 quamvis
1215 915 1266 941 ea
1294 915 1436 942 casum
1462 901 1726 956 propositum
1754 917 1842 944 non

112 971 278 1026 penitus
313 971 573 1023 exhauriant,
610 975 750 1014 tainen
782 968 920 1014 motus
949 972 994 1012 in
1027 971 1360 1026 praecedentibus
1393 971 1611 1027 Capitibus
1640 971 1837 1015 definitus

113 1041 246 1083 multo
276 1044 407 1100 magis
437 1058 532 1084 cum
562 1043 816 1098 experientia
853 1043 1108 1094 conciliatur,
1146 1043 1191 1085 id
1220 1044 1333 1100 quod
1366 1043 1540 1085 theoriae
1570 1052 1727 1086 nostrae
1750 1046 1839 1101 jam

112 1115 274 1173 insigne
294 1116 411 1157 addit
430 1116 751 1158 firmamentum.
814 1118 948 1159 Simili
975 1125 1115 1159 autem
1134 1117 1263 1159 modo
1283 1117 1344 1159 vis
1364 1132 1390 1158 a
1412 1117 1509 1159 Sole
1531 1116 1719 1172 profecta
1740 1133 1840 1159 cum

114 1186 261 1229 inertia
283 1203 402 1244 aquae
421 1196 559 1244 potest
578 1189 788 1246 conjungi,
811 1198 934 1246 atque
955 1198 1080 1231 aestus
1100 1190 1225 1231 maris
1255 1189 1432 1240 definiri,
1461 1190 1666 1246 quatenus
1696 1206 1722 1231 a
1748 1191 1835 1232 sola

118 1259 161 1300 vi
197 1259 305 1301 Solis
339 1260 483 1310 oritur,
522 1261 670 1316 quibus
701 1261 864 1316 duobus
895 1261 1107 1303 effectibus
1136 1262 1437 1320 conjungendis
1464 1262 1655 1318 judicare
1684 1263 1838 1316 licebit,

112 1338 290 1386 quantus
321 1339 446 1372 aestus
479 1331 624 1387 quovis
660 1340 849 1388 tempore
884 1343 925 1374 et
955 1335 1099 1390 quovis
1132 1334 1225 1375 loco
1257 1335 1408 1376 debeat
1436 1335 1614 1378 evenire.
1677 1336 1730 1377 In
1756 1336 1840 1379 hoc

112 1406 282 1463 quidem
304 1407 452 1462 Capite
473 1408 743 1466 cogitationes
766 1409 902 1450 adhuc
923 1411 976 1451 ab
996 1411 1190 1452 omnibus
1216 1411 1440 1453 obstaculis
1461 1428 1487 1453 a
1507 1412 1642 1454 Terra
1669 1421 1710 1454 et
1728 1413 1840 1455 litto-

111 1480 228 1521 ribus
249 1481 435 1522 oriundis
454 1497 626 1536 prorsus
647 1482 938 1534 abstrahimus,
966 1492 1089 1541 atque
1110 1485 1345 1526 universam
1366 1485 1547 1527 Terram
1567 1486 1842 1543 undiquaque

113 1550 222 1607 aqua
254 1552 544 1594 circumfusam
572 1554 789 1609 ponimus;
825 1570 879 1596 ex
908 1571 991 1612 quo
1020 1556 1185 1614 regulas
1214 1557 1314 1600 hinc
1342 1566 1460 1600 natas
1490 1558 1702 1615 praecipue
1732 1560 1841 1616 ejus-

111 1622 227 1663 modi
261 1623 633 1676 observationibus,
666 1640 760 1681 quae
790 1626 833 1667 in
863 1627 1119 1682 amplissimo
1148 1643 1304 1670 oceano
1333 1630 1447 1685 apud
1473 1630 1647 1688 exiguas
1675 1631 1840 1673 Insulas

112 1705 208 1739 sunt
227 1698 439 1747 institutae‚
463 1699 641 1740 conferri
668 1701 897 1742 conveniet.
960 1701 1171 1751 Quoniam
1191 1713 1330 1744 autem
1349 1703 1537 1745 nondum
1557 1703 1694 1746 motfis
1714 1720 1836 1761 aquae

113 1770 379 1827 progressivi,
411 1785 495 1827 quo
526 1771 768 1814 alternative
789 1772 843 1813 ad
871 1772 976 1823 loca,
1008 1773 1052 1814 in
1073 1774 1224 1830 quibus
1248 1774 1388 1816 fluxus
1409 1782 1450 1816 et
1469 1774 1655 1816 refluxus
1675 1775 1838 1826 accidit,

110 1845 380 1901 progreditur
415 1854 456 1886 et
489 1846 657 1897 recedit,
694 1847 898 1889 rationem
932 1847 1167 1898 habuimus,
1201 1863 1371 1890 necesse
1403 1857 1467 1890 est
1497 1857 1544 1890 ut
1573 1849 1696 1890 etiam
1726 1849 1840 1891 hunc

110 1926 271 1958 motum
291 1926 333 1958 et
351 1917 629 1972 phaenomena
648 1919 747 1960 inde
768 1929 859 1960 orta
880 1919 1221 1974 contemplemur.
1283 1921 1350 1962 Ac
1368 1920 1507 1976 primo
1528 1921 1697 1977 quidem
1717 1922 1837 1964 facile

112 1989 371 2047 intelligitur,
409 1989 504 2031 cum
539 1991 593 2031 ob
625 1991 815 2032 inertiam
848 2006 966 2048 aquae
995 1990 1085 2032 tum
1113 1992 1239 2032 etiam
1268 1991 1348 2033 alia
1377 1992 1675 2047 impedimenta
1703 1995 1838 2036 motui

112 2062 316 2117 opposita,
348 2077 497 2118 aquam
531 2070 614 2103 tam
643 2061 801 2104 tardius
836 2062 987 2122 elevari
1019 2062 1143 2118 quam
1173 2062 1352 2118 deprimi
1382 2072 1590 2118 oportere,
1623 2062 1748 2120 quam
1778 2080 1833 2108 ex

86 2134 242 2175 -allatis
276 2134 475 2176 hactenus
512 2135 799 2192 consequitur:
845 2135 958 2176 unde
991 2136 1130 2177 fluxus
1163 2150 1250 2188 non
1284 2135 1339 2176 ad
1369 2136 1566 2177 transitus
1597 2135 1734 2178 Lunoe
1759 2153 1837 2194 per

109 2207 385 2248 meridianum
407 2208 660 2266 contingent,
683 2208 757 2250 sed
779 2209 990 2266 aliquanto
1010 2207 1140 2251 serius
1161 2209 1362 2260 evenient,
1395 2209 1566 2251 omnino
1586 2210 1648 2252 uti
1668 2212 1833 2268 experi-

109 2283 219 2324 entia
238 2290 423 2325 testatur.

166 2360 197 2409 §.
220 2362 288 2398 90.
312 2355 433 2397 -Haec
455 2364 592 2398 autem
613 2358 838 2400 retardatio
866 2358 1041 2414 praecise
1060 2359 1116 2401 ad
1135 2359 1341 2401 calculum
1360 2360 1547 2402 revocari
1565 2374 1652 2401 non
1675 2368 1827 2416 potest,

69 2458 72 2461 -
109 2430 206 2484 quia
234 2446 259 2471 a
287 2439 404 2473 motu
433 2448 553 2489 aquae
583 2434 752 2490 ejusque
780 2434 1062 2492 profunditate
1080 2434 1307 2490 plurimum
1327 2433 1521 2489 pendeat,
1544 2434 1688 2489 prouti
1707 2434 1832 2476 etiam

112 2500 299 2542 videmus
319 2502 363 2543 in
383 2503 555 2546 diversis
584 2504 687 2546 locis
708 2520 800 2547 eam
820 2493 1088 2548 vehementer
1108 2521 1197 2548 esse
1217 2506 1437 2556 diversam,
1468 2514 1592 2562 atque
1613 2505 1703 2547 aliis
1731 2506 1833 2566 locis

107 2572 269 2613 fluxum
290 2575 530 2633 contingere
548 2586 645 2632 post
669 2578 806 2619 Lunae
827 2579 1165 2621 culminationem
1181 2579 1312 2621 tribus
1331 2578 1445 2621 horis
1460 2579 1649 2621 nondum
1665 2579 1829 2635 elapsis,

107 2646 197 2688 aliis
229 2647 329 2688 vero
363 2648 464 2690 locis
495 2650 590 2706 plus
618 2650 742 2708 quam
773 2653 994 2694 duodecim
1023 2653 1139 2696 horis
1164 2651 1323 2695 tardius
1351 2654 1505 2704 venire,
1536 2668 1630 2709 quae
1661 2653 1830 2709 quidem

105 2720 279 2778 insignis
310 2722 537 2765 retardatio
567 2725 797 2767 Terrarum
820 2727 1017 2782 positioni
1041 2735 1104 2769 est
1142 2726 1438 2776 adscribenda3
1474 2726 1656 2767 vinterim
1690 2734 1830 2768 tamen

104 2792 204 2834 hinc
235 2793 484 2835 sufficienter
515 2805 675 2838 constat
705 2806 866 2839 motum
896 2798 1022 2839 maris
1057 2798 1285 2840 admodum
1317 2812 1441 2854 posse
1471 2797 1677 2853 impediri.
1738 2798 1826 2840 Pro

105 2864 253 2905 eodem
273 2864 372 2906 vero
392 2865 494 2907 loco*
506 2866 602 2908 satis
622 2867 853 2911 luculenter
872 2861 1136 2925 perspicitur,
1159 2868 1242 2926 quo
1262 2870 1395 2926 major
1409 2876 1534 2926 atque
1554 2868 1676 2910 altior
1688 2869 1827 2911 fluxus

106 2939 271 2981 evenire
306 2939 468 2990 debeat,
505 2940 555 2982 eo
588 2941 745 2984 tardius
779 2944 960 2986 eundem
991 2944 1178 2986 accidere
1210 2951 1416 2999 oportere.
1488 2940 1616 2993 Qubd
1649 2941 1685 2983 si
1716 2942 1828 2984 enim

103 3020 229 3053 aestus
251 3014 463 3071 contingat
482 3015 643 3057 infinite
663 3028 831 3071 parvus,
853 3018 1029 3060 dubium
1050 3026 1113 3060 est
1131 3017 1307 3068 nullum,
1336 3017 1438 3074 quin
1456 3017 1492 3059 is
1511 3023 1618 3059 stato
1637 3024 1826 3070 tempore

104 3084 311 3136 adveniat,
335 3084 431 3127 cum
452 3087 758 3142 impedimentis
778 3089 860 3132 hoc
880 3106 980 3133 casu
995 3106 1049 3133 ne
1069 3091 1185 3133 locus
1199 3090 1369 3148 quidem
1383 3089 1636 3134 concedatur
1651 3087 1826 3146 agendi:
