2092 3470
379 606 912 710 EDITOR
1005 600 1649 668 LECTORI.

161 1069 223 1132 F
222 1103 399 1133 Emcms
420 1089 696 1131 commentari
714 1104 799 1131 non
819 1104 1040 1145 possumus
1056 1105 1105 1132 ea
1121 1105 1214 1146 quae
1235 1089 1361 1131 tradit
1381 1098 1501 1131 autor
1516 1097 1656 1131 noster
1671 1089 1724 1131 de
1741 1088 1875 1131 Maris

162 1163 304 1213 AEstu,
326 1160 451 1218 quam
470 1161 568 1202 huic
582 1160 857 1216 propositioni
878 1160 1169 1217 subjungendo
1187 1175 1255 1202 eas
1272 1160 1578 1202 dissertationes
1595 1175 1688 1215 quae
1703 1160 1879 1214 praemio

162 1236 280 1279 fuere
309 1235 596 1278 condecoratae
626 1249 650 1274 a
679 1233 833 1275 celebri
864 1230 1087 1275 Parisiensi
1116 1232 1389 1276 Scientiarum
1413 1231 1654 1273 Academia.
1716 1232 1769 1274 Id
1788 1232 1879 1288 qui-

162 1307 259 1349 dem
290 1307 475 1362 primum
504 1305 624 1346 nobis
654 1303 787 1345 fuerat
814 1291 1087 1360 propositum,
1110 1312 1158 1345 ut
1177 1319 1227 1345 ea
1247 1319 1341 1360 quae
1360 1304 1403 1344 in
1423 1303 1504 1344 illis
1524 1303 1880 1345 dissertationibus

162 1379 488 1421 momentosiora
517 1377 758 1419 viderentur
788 1385 830 1418 et
858 1377 913 1418 ad
944 1377 1231 1419 Newtonianae
1259 1377 1537 1432 philosophiae
1565 1374 1882 1418 illustrationem

162 1450 432 1505 pertinerent,
468 1448 588 1489 brevi
621 1447 869 1502 compendio
909 1447 1211 1502 comprehensa
1249 1447 1357 1489 notis
1399 1447 1669 1503 adjiceremus
1681 1463 1692 1497 3
1737 1446 1883 1489 verum

164 1531 313 1565 trunca
342 1538 390 1564 ac
419 1521 578 1578 ingenii
596 1521 727 1561 nostri
746 1520 848 1561 vitio
868 1520 1020 1561 detrita
1039 1520 1236 1561 exhibere
1256 1519 1348 1561 haec
1374 1520 1745 1562 illustrissimorum
1774 1520 1884 1561 viro-

163 1610 257 1636 rum
279 1594 432 1649 scripta
450 1591 601 1633 merito
619 1591 768 1648 piguit,
791 1598 833 1632 et
852 1605 937 1631 non
958 1590 1238 1632 dubitavimus
1259 1605 1336 1632 nos
1357 1589 1504 1631 melius
1520 1591 1780 1632 consulturos
1795 1590 1885 1632 tum

164 1665 390 1707 lectoribus
412 1664 578 1713 nostris,
610 1661 701 1704 tum
731 1662 831 1718 ipsis
852 1677 997 1703 eorum
1019 1662 1269 1717 scriptorum
1290 1661 1547 1712 authoribus,
1580 1663 1615 1703 si
1635 1663 1772 1718 qualia
1791 1670 1888 1703 sunt

166 1737 278 1779 edita
305 1735 376 1777 hic
405 1735 477 1776 illa
505 1736 807 1777 insereremus:
840 1733 1019 1790 cumque
1055 1734 1279 1775 authorum
1308 1750 1333 1775 a
1352 1733 1578 1790 typothetis
1598 1734 1783 1776 absentia
1804 1734 1887 1776 fac-

167 1800 256 1851 tum
279 1809 331 1850 sit
359 1816 406 1849 ut
425 1808 470 1848 in
491 1807 671 1849 editione
694 1805 882 1848 Parisinfi
902 1806 1082 1862 plurima
1102 1806 1346 1862 irrepserint
1364 1806 1530 1856 menda,
1554 1806 1671 1847 nullo
1699 1821 1889 1848 errorum

169 1881 359 1938 catalogo
389 1888 588 1930 correcta,
623 1895 672 1920 ea
706 1879 1129 1921 demonstrationibus
1174 1894 1223 1920 ac
1262 1879 1429 1920 calculis
1471 1878 1663 1920 accurate
1704 1879 1888 1933 repetitis

169 1951 495 2000 emendavimus,
514 1950 754 2007 figurasque
775 1951 829 1991 ad
849 1951 954 2001 loca,
979 1951 1130 2007 quibus
1150 1951 1420 2006 respondent,
1444 1950 1578 2006 aptari
1598 1950 1844 1993 curavimus.

229 2023 423 2073 Quatuor
453 2022 623 2078 quidem
655 2022 967 2063 dissertationes
991 2023 1190 2064 Parisinis
1212 2023 1321 2078 typis
1341 2022 1510 2063 fuerunt
1540 2020 1756 2077 evulgatae,
1790 2036 1891 2077 qua-

169 2110 263 2136 rum
282 2095 400 2150 prior
420 2110 445 2135 a
468 2095 592 2135 Patre
618 2093 842 2134 Cavallieri
863 2094 890 2135 J
895 2094 1040 2144 esuita,
1068 2094 1251 2135 secunda
1270 2109 1296 2134 a
1314 2092 1498 2136 Daniele
1521 2092 1776 2143 Bernoullio,
1808 2102 1891 2134 ter-

169 2168 227 2209 tia
239 2184 264 2208 a
279 2167 336 2208 D.
355 2167 413 2208 D.
433 2166 760 2216 Mac-Laurino,
779 2174 928 2221 quarta
943 2183 968 2207 a
984 2167 1210 2208 Leonardo
1243 2166 1400 2208 Eulero
1419 2166 1536 2207 fuere
1552 2166 1606 2207 ad
1619 2166 1891 2209 Academiam

170 2240 323 2283 missae.
388 2239 512 2281 Prior
541 2239 586 2279 in
617 2254 668 2280 eo
698 2247 928 2293 occupatur
948 2247 995 2280 ut
1019 2239 1274 2281 Cartesianae
1293 2240 1573 2296 hypotheseos
1595 2229 1703 2282 circa
1723 2256 1891 2283 causam

170 2310 297 2353 aestfis
326 2310 477 2352 marini
506 2310 607 2351 vitia
627 2318 669 2350 et
688 2308 826 2351 hiatus
849 2310 1031 2367 corrigat
1051 2318 1094 2351 et
1112 2311 1321 2361 resarciat,
1355 2311 1467 2367 quod
1489 2311 1656 2367 quidem
1676 2312 1890 2368 ingeniose

172 2383 402 2425 admodum
430 2390 627 2438 praestat;
658 2391 743 2424 tres
773 2383 948 2439 reliquae
972 2375 1026 2424 ex
1045 2383 1207 2440 legibus
1227 2385 1439 2441 gravitatis
1460 2401 1660 2442 aquarum
1682 2386 1820 2428 Maris
1845 2386 1890 2427 in

175 2455 330 2506 Solem,
361 2455 529 2496 Lunam
556 2462 599 2497 et
634 2455 828 2506 Terram,
861 2470 1003 2497 omnes
1032 2455 1301 2511 phaenomeni
1329 2458 1533 2513 propositi
1562 2459 1889 2501 circumstantias

173 2528 382 2584 explicant
403 2536 445 2570 et
464 2528 633 2570 calculis
655 2529 958 2571 determinant:
988 2530 1064 2572 has
1086 2546 1188 2589 ergo
1203 2539 1300 2583 tres,
1319 2532 1470 2574 omissa
1485 2533 1638 2588 priore,
1660 2533 1783 2590 hujus
1799 2549 1889 2577 esse

171 2599 255 2641 loci
274 2598 538 2641 credidimus.

233 2663 287 2713 In
316 2669 603 2713 dissertatione
637 2671 937 2714 Mac-Laurini
966 2675 1148 2716 occurrit
1174 2675 1324 2717 solutio
1357 2675 1587 2732 synthetica
1617 2676 1891 2719 Problematis

174 2744 228 2786 de
252 2743 388 2801 figura
420 2743 581 2795 Terrae,
615 2746 736 2801 quale
766 2746 871 2787 illud
897 2761 1249 2803 proposueramus
1279 2748 1323 2789 in
1353 2749 1462 2790 notis
1495 2749 1647 2791 nostris
1677 2749 1731 2791 ad
1762 2750 1892 2806 Prop.

176 2815 310 2858 XIX.
333 2815 529 2872 quodque
548 2831 700 2870 parum
719 2817 830 2859 felici
855 2833 1049 2861 successu
1069 2819 1271 2876 analytice
1294 2820 1454 2861 solvere
1477 2827 1806 2872 tentaveramus3
1840 2837 1893 2863 ex

177 2888 266 2943 ejus
297 2887 503 2928 solutione
532 2896 648 2942 patet
676 2891 957 2932 meridianum
989 2907 1079 2934 esse
1110 2908 1251 2934 veram
1278 2892 1456 2947 ellipsim
1476 2893 1520 2934 in
1538 2893 1760 2950 hypothesi
1781 2895 1895 2952 quod

180 2960 315 3003 Terra
335 2961 389 3002 sit
407 2961 694 3017 homogenea:
732 2962 828 3004 cum
849 2971 988 3006 autern
1009 2964 1101 3006 haec
1121 2965 1163 3005 in
1183 2980 1331 3006 manus
1352 2973 1514 3007 nostras
1534 2981 1619 3008 non
1640 2967 1894 3017 devenerint,

179 3030 262 3072 nisi
281 3029 379 3072 cum
398 3039 511 3073 notae
532 3031 586 3072 ad
607 3047 700 3074 eam
723 3034 1056 3089 Propositionem
1079 3036 1211 3077 XIX.
1233 3035 1411 3090 praelum
1431 3037 1664 3089 subiissent,
1695 3038 1794 3079 inde
1813 3037 1898 3078 fac-

1006 3107 1023 3137 1
1047 3110 1067 3137 4
