2092 3470
290 236 371 275 828
593 230 946 281 INQUISITIO
978 229 1250 273 PHYSICA
1279 228 1347 271 IN
1378 228 1636 272 CAUSAM

287 353 384 396 tam,
407 359 584 401 quorum
603 345 706 387 alter
725 345 833 388 circa
855 344 1007 395 Solem,
1029 345 1132 385 alter
1151 343 1261 386 circa
1279 343 1444 385 Lunam
1464 344 1654 401 agitetur,
1677 351 1799 399 atque
1817 349 1990 399 uterque

226 459 228 461 a
289 419 375 473 ejus
397 417 449 458 sit
467 417 631 468 indolis,
653 424 700 459 ut
719 417 825 460 vires
846 417 1085 474 centrifugae
1104 416 1344 458 decrescant
1368 417 1413 458 in
1432 416 1637 471 duplicata
1658 416 1816 458 ratione
1835 415 1989 457 distan-

286 490 437 532 tiarum
456 505 481 531 a
500 490 651 532 centris
671 491 884 547 utriusque
903 490 1067 532 vorticis
1084 505 1095 530 ε
1127 503 1219 545 quae
1237 489 1466 546 proprietas
1487 489 1707 540 obtinetur,
1738 489 1773 530 si
1804 487 1989 530 celeritas

288 563 475 604 materiae
506 563 665 605 subtilis
694 564 877 621 gyrantis
907 564 951 604 in
979 577 1143 619 quoque
1172 562 1327 603 vortice
1353 569 1491 603 teneat
1516 562 1716 602 rationem
1735 561 1990 616 reciprocam

286 634 612 690 subduplicatam
633 635 930 678 distantiarum.
993 635 1140 690 Neque
1159 633 1258 675 vero
1277 634 1322 675 hi
1341 634 1426 675 duo
1445 633 1620 675 vortices
1639 633 1693 675 ad
1711 633 1874 675 libitum
1893 639 1990 674 sunt

289 705 524 762 excogitati,
547 705 619 747 sed
638 705 707 747 ille
727 706 800 762 qui
823 706 962 748 Solem
983 704 1212 746 circumdat
1231 712 1294 746 est
1313 704 1347 745 is
1367 704 1468 760 ipse,
1490 704 1562 760 qui
1581 718 1724 745 omnes
1742 703 1928 759 planetas
1945 703 1990 743 in

287 777 372 818 suis
402 776 544 819 orbitis
573 777 755 818 continet
768 792 780 826 3
811 776 915 818 alter
943 775 1042 818 vero
1073 776 1238 818 Lunam
1259 775 1531 826 circumdans,
1557 775 1634 816 etsi
1653 776 1738 830 ejus
1758 773 1818 815 vis
1839 773 1918 814 nisi
1946 773 1991 814 in

284 855 389 899 aestu
408 847 532 888 maris
552 861 637 888 non
658 847 842 897 sentitur,
873 854 1011 888 tamen
1032 847 1119 888 sine
1139 846 1221 888 ulla
1251 846 1510 888 haesitatione
1530 845 1691 887 admitti
1715 853 1864 901 potest,
1895 843 1990 887 cum

287 918 399 961 certo
433 927 592 961 constet
631 919 820 969 Terram,
862 919 1009 961 Jovem
1047 934 1095 960 ac
1138 920 1363 961 Saturnum
1397 918 1598 961 similibus
1638 918 1862 960 vorticibus
1903 931 1992 959 esse

288 989 456 1040 cinctos,
487 989 599 1030 unde
629 989 830 1045 ejusmodi
849 989 1023 1031 vortices
1052 989 1156 1030 nulli
1185 990 1354 1031 omnino
1374 989 1538 1045 corpori
1563 989 1775 1030 mundano
1795 987 1992 1045 denegari

255 1078 258 1081 ·
285 1075 406 1115 posse
424 1060 628 1101 videntur.
690 1059 861 1101 Parcius
882 1060 1048 1116 quidem
1072 1059 1142 1101 hic
1161 1061 1374 1102 materiam
1393 1061 1446 1102 de
1466 1060 1691 1103 vorticibus
1711 1059 1989 1109 tractavimus,

284 1130 443 1173 etiamsi
462 1130 506 1170 in
525 1129 605 1170 illis
624 1144 763 1170 veram
783 1129 907 1172 aestfis
926 1131 1051 1171 maris
1073 1146 1237 1185 causam
1254 1145 1482 1186 ponamus3
1517 1131 1598 1173 hoc
1618 1140 1756 1173 autem
1775 1131 1830 1173 de
1849 1130 1991 1172 indus-

287 1201 365 1243 tria
386 1199 567 1251 fecimus,
590 1198 686 1242 cum
704 1200 785 1242 hoc
804 1209 1093 1258 argumentum
1105 1203 1193 1258 jam
1212 1203 1331 1244 toties
1349 1204 1401 1244 sit
1414 1211 1635 1244 tractatum
1649 1218 1697 1245 ac
1711 1202 1797 1244 fere
1813 1189 1991 1245 exhaus-

285 1282 400 1323 tum3
430 1287 564 1329 neque
591 1273 711 1314 nobis
739 1274 990 1329 persuadere
1018 1289 1251 1329 possumus,
1283 1275 1319 1316 si
1348 1274 1427 1316 hac
1456 1274 1670 1326 occasione
1693 1274 1923 1316 doctrinam
1940 1274 1995 1316 de

288 1345 510 1387 vorticibus
531 1346 655 1388 etiam
675 1346 835 1397 melius,
859 1362 983 1403 quam
1001 1348 1226 1389 etiamnum
1244 1363 1269 1388 a
1283 1355 1491 1404 quoquam
1510 1355 1572 1389 est
1591 1347 1757 1398 factum,
1779 1345 1994 1402 expedire-

291 1431 396 1468 mus,
419 1417 474 1458 ob
495 1431 586 1458 eam
606 1431 694 1459 rem
713 1418 932 1473 praemium
951 1418 1070 1459 nobis
1090 1417 1290 1460 tributum
1309 1417 1373 1459 iri.

1032 1614 1252 1628 mssssmss

828 1766 1060 1814 CAPUT
1094 1766 1460 1816 OCTAVUM.

327 1903 409 1949 De
432 1901 601 1951 AEstzZs
625 1903 788 1951 Maris
801 1905 1154 1965 perturbatione
1176 1922 1205 1952 a
1231 1906 1395 1954 Terris
1416 1921 1472 1953 ac
1493 1906 1721 1955 littoribus
1743 1905 1954 1954 oriundd.

289 2069 321 2120 5.
346 2072 440 2109 112.
470 2043 792 2111 szvanus
823 2069 991 2112 tandem
1019 2071 1073 2113 ad
1103 2072 1289 2114 ultimam
1318 2079 1472 2114 nostrae
1499 2063 1793 2130 disquisitionis
1818 2081 1994 2129 partem,

289 2150 383 2192 quae
401 2138 613 2193 praecipua
633 2147 706 2190 est,
738 2140 781 2181 in
802 2140 882 2196 qua
903 2140 1106 2184 theoriam
1128 2144 1358 2198 expositam
1378 2143 1431 2185 ad
1452 2151 1601 2185 statum
1624 2144 1819 2195 Telluris,
1850 2145 1894 2186 in
1914 2161 1996 2202 quo

288 2207 430 2248 revera
460 2209 679 2263 reperitur,
712 2210 852 2253 debito
881 2213 1008 2253 modo
1038 2213 1452 2256 accommodabimus.
1515 2214 1733 2256 Hactenus
1754 2215 1878 2266 enim,
1908 2215 1992 2273 quo

291 2277 421 2318 ardua
449 2278 527 2321 ista
547 2279 779 2336 disquisitio
797 2282 956 2324 facilior
977 2284 1219 2327 redderetur
1239 2286 1291 2327 ab
1312 2285 1503 2328 omnibus
1524 2287 1840 2330 circumstantiis
1861 2295 1997 2330 exter-

289 2349 354 2389 nis
374 2350 522 2405 quibus
543 2351 711 2394 effectus
732 2369 757 2394 a
775 2355 931 2397 viribus
956 2357 1062 2398 Solis
1083 2372 1131 2399 ac
1157 2357 1291 2400 Lunae
1311 2358 1501 2412 oriundis,
1516 2360 1581 2401 vel
1601 2347 1758 2402 turbari
1776 2360 1837 2408 vel
1860 2360 1996 2402 deter-

290 2420 450 2462 minatu
483 2421 732 2465 difficiliores
772 2425 892 2467 reddi
933 2436 1114 2481 possent,
1158 2428 1448 2486 cogitationem
1487 2430 1773 2472 abstraximus.
1854 2429 1996 2472 Primo

290 2492 444 2535 scilicet
469 2509 555 2536 non
585 2496 715 2537 solum
739 2505 867 2539 totam
887 2499 1064 2540 Terram
1085 2515 1138 2541 ex
1158 2500 1264 2557 aqua
1285 2502 1503 2542 conflatam
1522 2502 1747 2557 posuimus,
1779 2502 1853 2544 sed
1872 2502 1996 2544 etiam

290 2565 484 2607 inertiam
513 2560 631 2623 aquae
660 2577 798 2611 mente
828 2571 1079 2623 sustulimus,
1110 2580 1157 2614 ut
1186 2573 1236 2614 eo
1265 2574 1479 2628 pauciores
1500 2588 1564 2614 res
1594 2573 1636 2614 in
1658 2582 1897 2630 computum
1918 2574 1996 2616 du-

290 2637 433 2679 cendae
453 2647 726 2694 superessent.
787 2642 954 2686 Deinde
974 2644 1133 2686 inertiae
1154 2645 1322 2701 quidem
1341 2635 1564 2686 habuimus*
1580 2645 1793 2697 rationem,
1815 2660 1863 2687 ac
1881 2660 1991 2701 prae-
2062 2672 2067 2676 -

291 2708 484 2751 cedentes
515 2710 875 2754 determinationes
904 2714 1043 2756 debito
1069 2715 1196 2757 modo
1217 2715 1483 2766 correximus,
1505 2714 1649 2757 verum
1669 2723 1798 2758 totam
1819 2717 1995 2759 Terram

290 2779 395 2834 aqua
423 2782 691 2839 undiquaque
721 2770 1009 2826 circumfusam
1037 2786 1315 2837 assumsimus,
1352 2800 1425 2827 seu
1453 2786 1679 2828 etiamnum
1712 2786 1934 2829 anomalias
1969 2803 1994 2829 a

292 2849 436 2891 Terris
456 2853 728 2909 negleximus.
789 2855 914 2897 Nunc
934 2857 1072 2913 itaque
1090 2865 1231 2898 nostra
1251 2855 1411 2898 theoria
1431 2854 1481 2896 eo
1501 2864 1563 2897 est
1581 2857 1794 2912 perducta,
1824 2865 1871 2898 ut
1890 2857 1995 2899 nihil

289 2921 464 2975 amplius
499 2924 677 2979 adjicere
708 2941 874 2969 necesse
902 2927 1020 2978 foret,
1053 2929 1087 2970 si
1117 2928 1283 2984 quidem
1312 2936 1436 2969 aestus
1466 2929 1591 2970 maris
1620 2944 1646 2970 a
1676 2929 1818 2970 Terris
1846 2929 1993 2971 littori-

289 2990 450 3046 busque
472 2995 718 3038 sensibiliter
737 3012 822 3038 non
842 2999 1094 3049 afficeretur3
1125 3000 1205 3040 nisi
1234 2997 1339 3040 forte
1368 2999 1586 3040 anomaliae
1606 2999 1795 3057 quaedam
1817 3015 1842 3041 a
1860 3000 1992 3042 ventis

290 3061 478 3103 oriundae
507 3068 820 3109 commemorari
840 3069 1048 3120 deberent,
1082 3085 1176 3126 quae
1195 3078 1332 3119 autem
1354 3077 1470 3111 motu
1490 3085 1608 3125 aquae
1637 3078 1854 3125 perspecto
1873 3070 1991 3117 facile}
