2092 3470
299 224 349 260 14
674 180 1132 260 -PHILosoPHIAE
1164 213 1522 256 NATURALIS
1566 209 1660 265 [DE
1677 187 1978 254 Munasvs‘r.

532 400 794 441 Planetarum
814 414 861 440 ac
886 399 1058 440 Telluris
1076 399 1281 440 distantiae
1299 398 1358 464 (¹¹)
1371 399 1578 440 mediocres
1595 413 1622 439 a
1641 399 1741 440 Sole.
1762 452 1770 463 .

1007 522 1035 562 b

296 576 514 615 Secundum
532 575 741 626 Keplerum

296 642 514 680 Secundum
531 641 764 679 Bullialdum

1180 521 1219 560 u
1370 520 1399 558 ὃ
1555 518 1579 557 ὃ
1734 521 1758 561 ῼ
1887 519 1912 561 ἕ

933 579 1100 620 951000.
1121 574 1286 619 519650.
1310 579 1474 614 152350.
1496 580 1659 613 100000.
1680 578 1820 618 72400.
1840 573 1980 613 38806.

933 646 1101 685 954198.
1123 645 1289 679 522520.
1313 646 1475 682 152350.
1499 646 1662 681 100000.
1683 647 1822 686 72398.
1841 644 1981 679 38585.

295 709 514 747 Secundum
526 715 697 758 tempora
709 706 900 757 periodica
932 706 1100 751 954006.
1120 706 1286 751 520096.
1310 707 1474 752 152369.
1495 712 1658 745 100000.
1680 712 1819 750 72333.
1841 711 1981 750 38710.

351 827 404 881 (¹)
435 826 504 867 De
523 824 726 866 distantiis
747 823 949 865 Mercurii
978 832 1019 866 et
1038 825 1212 867 Veneris
1242 839 1267 866 a
1298 824 1395 867 Sole
1414 824 1652 879 disputandi
1670 839 1755 865 non
1775 831 1837 866 est
1854 823 1981 874 locus,

294 894 388 937 cum
422 895 488 936 hae
521 910 596 950 per
627 909 770 936 eorum
788 893 1079 951 *elongationes
1108 910 1134 936 a
1164 894 1260 937 Sole
1287 894 1622 936 determinentur.

1682 895 1752 937 De
1781 893 1984 936 distantiis

294 967 417 1008 etiam
437 966 691 1021 superiorum
712 964 969 1020 planetarum
988 980 1014 1006 a
1031 965 1127 1008 Sole
1146 965 1304 1007 tollitur
1323 966 1456 1007 omnis
1476 964 1698 1020 disputatio
1715 979 1791 1021 per
1811 964 1984 1020 eclipses

295 1102 541 1135 determinantur
565 1103 685 1143 aphelia
704 1108 735 1134 et
753 1102 899 1142 perihelia
922 1103 1117 1142 planetarum

295 1155 368 1176 cum
382 1146 518 1185 ipsorum
531 1145 766 1181 exeam-initam,
788 1141 879 1186 atque
898 1145 1033 1176 construi
1047 1156 1118 1186 pos-

294 1193 369 1218 sunt
389 1188 502 1218 tabulae
523 1198 578 1227 per
594 1198 670 1227 quas
690 1193 827 1227 tempore
840 1188 977 1228 quolibet
990 1187 1119 1218 inveniri

299 1235 399 1269 potest
427 1240 534 1260 eorum
562 1229 649 1260 locus
675 1228 709 1259 in
737 1229 860 1268 propri&
881 1228 989 1260 orbita.
1038 1230 1120 1265 Quae

295 1273 400 1302 omnia
417 1271 576 1311 quomode>
596 1282 633 1302 ex
654 1271 913 1302 observationibus
926 1271 1122 1302 determinari

297 1314 414 1355 possint
427 1314 667 1352 independenter
680 1315 718 1344 ab
732 1313 961 1353 hypothesibus,
979 1313 1069 1344 Tom.
1090 1313 1118 1344 1.

298 1356 455 1386 Element.
498 1358 676 1387 Asu-onom.
723 1356 864 1395 exposuit
905 1355 1121 1386 celeberrimus

300 1397 456 1428 cassinus.
475 1421 477 1423 -

340 1440 386 1482 (²)
402 1444 453 1471 60.
474 1442 490 1459 ¹*
507 1442 672 1472 Distantiae
686 1441 842 1471 mediocres
855 1451 875 1470 a
891 1442 961 1471 Sole.
1010 1439 1119 1470 Plane·

296 1487 400 1512 tarum
414 1482 565 1512 distantiae
578 1493 597 1513 a
614 1482 685 1513 Sole
695 1492 749 1521 per
759 1481 980 1513 observationes
990 1489 1121 1521 possunt

297 1523 428 1554 definiri.
476 1525 541 1555 Hic
562 1531 666 1555 autem
687 1534 750 1554 non
773 1530 953 1564 quaeruntur
973 1525 1120 1554 absolutae

297 1566 450 1596 distantiae
477 1566 670 1605 planetarum
693 1577 713 1597 a
741 1567 821 1603 Sole,
848 1566 902 1596 sed
924 1565 1119 1597 solummodo

297 1609 430 1638 rationes
444 1608 566 1639 illarum
582 1609 793 1639 distantiarum
808 1607 848 1638 ad
862 1608 1019 1638 distantias
1041 1608 1119 1638 Solis

297 1661 316 1680 a
332 1650 466 1680 Tell-ure.
505 1650 615 1690 ltaque
629 1651 664 1681 sit
683 1651 737 1680 Sol
751 1650 784 1680 in
802 1650 833 1685 S,
853 1651 948 1680 Terra
961 1650 1119 1689 quiescens

296 1692 346 1722 vel
366 1697 451 1722 mota
470 1692 503 1722 in
527 1693 567 1728 T,
589 1692 711 1732 planeta
731 1692 764 1722 in
789 1692 826 1728 P,
847 1693 1021 1722 observetur
1035 1693 1120 1722 locus

297 1734 428 1773 planetae
449 1734 483 1764 in
502 1733 589 1771 coelo,
606 1741 637 1765 et
649 1745 705 1774 per
718 1734 867 1765 theoriam
885 1734 974 1770 Solis,
997 1734 1119 1765 dabitur

297 1776 384 1806 locus
412 1777 491 1807 Solis
510 1783 655 1820 ftempore
684 1776 900 1810 observationis
927 1786 982 1807 scu
1008 1776 1119 1816 positio

706 1868 744 1902 Ρ

300 2575 390 2605 lineae
406 2575 436 2606 T
453 2575 483 2611 S,
498 2574 584 2605 unde
598 2574 689 2605 datur
703 2574 838 2615 angulus
854 2574 875 2604 S
892 2574 921 2605 T
938 2573 974 2604 P.
1024 2575 1119 2611 Quae-

302 2623 387 2647 ratur
408 2617 500 2647 etiam
521 2616 607 2647 locus
627 2617 758 2656 planetae
784 2617 820 2653 P,
839 2616 871 2645 in
886 2615 1008 2655 proptia
1021 2616 1121 2647 orbita

300 2668 355 2696 per
368 2660 512 2689 theoriam
525 2659 664 2698 planetae,
681 2665 714 2690 et
726 2659 800 2699 quia
813 2658 904 2689 datur
917 2658 1004 2689 locus
1020 2659 1124 2689 Terrae

305 2701 334 2730 T
354 2710 372 2729 e
397 2701 468 2731 Sole
482 2700 565 2731 visus
579 2707 671 2742 atque
685 2701 770 2732 locus
789 2700 920 2740 planetae
943 2701 981 2738 P,
1002 2700 1126 2731 dabitur

302 2743 436 2781 angulus
463 2743 490 2773 P
508 2743 529 2773 S
547 2744 585 2775 T.
635 2743 675 2773 ln
699 2743 855 2783 triangulo
879 2742 976 2783 igitur
1000 2743 1029 2773 P
1046 2743 1067 2774 S
1084 2744 1123 2780 T,

301 2784 415 2813 dantur
429 2792 488 2814 tres
502 2785 620 2826 anguli,
636 2795 672 2815 ac
686 2784 816 2825 proinde
831 2784 922 2815 datur
938 2785 1031 2815 etiam
1047 2785 1125 2816 ratio

301 2825 432 2855 laterum
456 2827 484 2856 P
502 2829 522 2857 S
544 2837 575 2858 et
597 2829 620 2858 S
637 2828 685 2865 T;
711 2828 775 2864 sed,
797 2836 851 2866 per
867 2827 1015 2858 theoriam
1039 2827 1126 2863 Solis,

304 2866 395 2896 datur
417 2869 493 2898 ratio
511 2871 531 2900 S
548 2871 577 2900 T
591 2870 630 2900 ad
645 2870 830 2901 mediocrem
850 2869 1024 2900 distantiam
1049 2869 1128 2900 Solis

304 2919 320 2938 a
340 2909 447 2946 Terra,
465 2918 493 2940 et
510 2921 563 2949 per
577 2912 725 2943 theoriam
741 2912 871 2951 planetae
887 2911 925 2948 P,
946 2911 1037 2942 datur
1050 2911 1128 2942 ratio

304 2950 456 2982 distantiae
473 2953 494 2982 S
508 2953 544 2989 P,
559 2954 596 2982 ad
612 2955 796 2984 mediocrem
809 2954 982 2984 distantiam
997 2953 1128 2992 planetae

292 3004 321 3022 *u
349 2993 429 3031 Sole,
453 2994 530 3035 ergo
553 2995 674 3026 dabitur
695 2998 773 3027 ratio
795 2995 947 3027 distantia:
969 2995 1129 3026 mediocris

1159 1103 1292 1143 planetae
1305 1113 1324 1134 a
1341 1103 1412 1134 Sole
1426 1104 1465 1134 ad
1480 1102 1656 1134 distantiam
1670 1102 1857 1134 mediocrem
1874 1100 1954 1132 Solis
1964 1110 1985 1131 a

1161 1145 1269 1176 Tertii.
1317 1146 1515 1186 Negligimus
1526 1152 1630 1176 autem
1642 1145 1789 1176 minutias
1798 1154 1868 1184 quae
1881 1152 1921 1174 ex
1934 1142 1983 1173 in-

1160 1188 1324 1219 clinatione
1339 1188 1460 1219 orbium
1472 1188 1665 1227 planetarum
1677 1187 1716 1217 ad
1727 1186 1902 1226 eclipticam
1912 1183 1987 1215 oriri

1161 1236 1300 1270 possunt,
1323 1237 1354 1261 et
1373 1229 1518 1270 praeterea
1532 1229 1753 1261 observationes
1770 1233 1899 1268 possunt
1918 1226 1987 1257 fieri

1163 1273 1240 1303 dum
1258 1273 1382 1312 planeta
1400 1279 1448 1303 est
1468 1271 1563 1312 prope
1578 1272 1683 1309 nodos,
1699 1271 1753 1302 ubi
1767 1270 1831 1301 fere
1846 1270 1880 1300 in
1893 1268 1986 1309 plano

1163 1314 1312 1353 eclipticae
1327 1320 1471 1344 versatur.

1206 1356 1253 1398 (¹)
1270 1360 1320 1387 61.
1339 1359 1357 1376 ¹*
1380 1359 1432 1388 De
1455 1358 1603 1388 distantiis
1627 1357 1775 1388 Mercurii
1795 1361 1822 1387 et
1852 1355 1983 1386 Veneru-

1167 1398 1212 1429 Sit
1238 1399 1268 1429 A
1286 1398 1315 1429 B
1333 1398 1361 1428 P
1386 1397 1484 1428 orbita
1507 1398 1646 1436 Veneri&
1673 1399 1695 1430 S
1727 1398 1788 1435 Sol,
1820 1397 1916 1428 Terra
1944 1395 1984 1432 T,

1166 1442 1277 1472 Venus
1304 1440 1333 1471 P
1355 1440 1390 1470 in
1412 1439 1549 1470 maxima
1573 1438 1631 1471 3υό
1649 1440 1854 1482 elongatione.
1902 1437 1988 1474 Quia

1163 1483 1261 1514 orbita
1296 1482 1426 1513 Veneris
1448 1488 1494 1513 est
1521 1480 1586 1513 fere
1614 1482 1778 1519 circularis,
1806 1481 1890 1512 linea
1913 1480 1943 1512 Τ
1957 1479 1988 1511 P

1162 1530 1268 1568 tanget
1294 1525 1423 1556 orbitam
1446 1524 1480 1554 in
1499 1525 1537 1564 P,
1561 1524 1691 1566 ide6que
1707 1524 1842 1567 angulus
1863 1523 1886 1555 S
1901 1521 1931 1566 P
1946 1521 1986 1560 T,

1529 2565 1571 2596 Τ

1168 2662 1278 2687 rectus.
1325 2655 1418 2687 Unde
1431 2663 1477 2688 est
1490 2663 1527 2688 ut
1540 2667 1624 2688 smus
1638 2663 1720 2689 totus
1733 2657 1772 2689 ad
1786 2657 1888 2690 sinum
1901 2658 1988 2690 elon-

1167 2699 1299 2739 gationis
1324 2700 1466 2730 maximae
1491 2711 1545 2731 seu
1566 2701 1672 2741 auguli
1694 2700 1842 2732 observati
1863 2701 1886 2732 S
1901 2701 1931 2732 T
1946 2701 1986 2738 P,

1167 2740 1212 2772 itt
1234 2741 1376 2773 distantia
1402 2742 1482 2772 Solis
1505 2753 1524 2773 a
1550 2742 1646 2773 Tertii
1669 2743 1691 2774 S
1707 2743 1737 2774 T
1755 2742 1796 2774 nd
1813 2742 1987 2774 distantiam

1171 2784 1193 2814 S
1206 2783 1243 2820 P,
1264 2783 1393 2815 Veneris
1406 2795 1425 2814 a
1442 2785 1521 2815 Sole.
1570 2785 1759 2825 Supponitur
1771 2791 1874 2816 nutem
1889 2785 1988 2816 orbito

1171 2826 1334 2863 circu-laris,
1359 2826 1431 2867 quia
1457 2827 1564 2858 Venus
1590 2837 1748 2868 nunquam
1779 2827 1948 2867 digreditur
1967 2836 1988 2858 u

1174 2869 1243 2899 Sole
1258 2868 1340 2899 ultra
1354 2868 1412 2900 470
1428 2869 1477 2899 80¹
1490 2875 1522 2899 et
1536 2871 1601 2911 ejus
1618 2869 1825 2910 elongationem
1844 2869 1987 2900 maxima

1170 2920 1328 2951 nunquam
1340 2911 1473 2942 minores
1484 2919 1556 2942 sunt
1566 2912 1711 2952 gradibus
1722 2909 1780 2942 450
1791 2911 1848 2942 30'.
1857 2951 1868 2962 x
1881 2909 1987 2960 Quart

1171 2948 1785 3028 &Pssumis
1799 2962 1988 3034 53:532}
