2092 3470
263 251 317 289 82
578 264 581 266 ·
664 240 1115 286 PHILOSOPHIAE
1146 239 1510 283 NATURALIS
1554 240 1650 292 [DE
1667 238 1830 281 Mum).
1848 236 1971 282 SYs'T.

1177 409 1376 453 Mensura
1396 412 1551 466 gradus
1573 407 1691 451 unizfs

1281 472 1326 511 in
1346 470 1583 510 meridiano.

526 416 725 458 Latitudo
823 416 1057 470 Longitudo

579 476 668 516 loci.
845 475 1030 527 penduli.

565 575 686 627 grad.
1321 568 1548 619 lzeaeapedae.

627 637 654 671 0
1365 628 1505 667 56637

628 692 652 728 5
1366 686 1506 723 56642

602 750 653 786 10
1365 744 1506 780 56659

603 807 652 843 15
1365 800 1505 839 56687

599 865 653 901 20
1366 859 1506 897 56724

600 922 654 958 25
1367 916 1507 955 56769

601 981 654 1016 30
1367 975 1506 1011 56823

601 1038 653 1074 35
1367 1032 1507 1069 56882

600 1096 655 1131 40
1367 1091 1506 1127 56945

633 1153 650 1187 1
1365 1148 1506 1185 56958

628 1210 654 1244 2
1368 1206 1503 1249 56971

630 1269 654 1303 3
1368 1263 1507 1300 56984

629 1325 654 1360 4
1367 1321 1507 1360 56997

601 1383 654 1419 45
1368 1378 1509 1417 57010

630 1441 655 1476 6
1370 1436 1511 1474 57022

600 1499 602 1504 ”
631 1497 655 1537 7
1367 1494 1508 1532 57035

630 1556 654 1591 8
1369 1550 1508 1590 57048

630 1614 655 1648 9
1369 1609 1504 1647 57061

602 1670 657 1705 50
1367 1666 1506 1705 57074

603 1727 656 1763 55
1370 1724 1511 1762 57137

604 1785 658 1820 60
1370 1782 1509 1820 57196

604 1842 657 1877 65
1370 1839 1510 1878 57250

605 1899 658 1938 70
1370 1896 1509 1935 57295

605 1956 656 1997 75
1370 1954 1422 1992 57
1428 1954 1511 1990 332

604 2015 659 2050 80
1371 2011 1511 2050 57360

605 2071 658 2107 85
1370 2069 1510 2108 57377

606 2129 660 2164 90
1370 2127 1509 2164 59382

326 2284 502 2326 Constat
533 2290 669 2326 autem
707 2298 784 2338 per
822 2282 931 2332 hano
963 2283 1160 2334 tabulam,
1203 2283 1317 2340 quod
1351 2283 1557 2341 graduum
1595 2282 1869 2339 inaequalitaS'
1891 2290 1977 2325 tam

263 2371 391 2411 parva
423 2356 487 2406 sit,
521 2363 567 2397 ut
599 2355 643 2396 in
674 2356 798 2396 rebus
826 2356 1116 2412 geographicis
1146 2356 1282 2413 figura
1313 2356 1460 2398 Terrae
1488 2371 1567 2411 pro
1598 2355 1800 2411 sphaericfi
1832 2355 1978 2397 haberi

262 2429 413 2485 possit:
448 2428 498 2484 (¹¹)
519 2428 751 2484 praesertim
778 2427 812 2469 si
843 2427 977 2469 Terra
996 2427 1122 2483 paulo
1143 2428 1312 2470 densior
1332 2429 1385 2471 sit
1404 2442 1547 2469 versus
1566 2427 1737 2483 planum
1757 2427 1978 2484 aequatoris

267 2503 391 2560 quaim
410 2518 551 2544 versus
571 2502 702 2557 polos.
886 2486 891 2492 .

319 2579 413 2620 Jam
443 2577 540 2618 vero
571 2560 798 2617 astronomi
824 2575 950 2631 aliqui
970 2576 1013 2616 in
1033 2575 1284 2633 longinquas
1303 2575 1495 2633 regiones
1515 2574 1569 2616 ad
1590 2575 1894 2617 observationes
1912 2589 1978 2616 as-

266 2650 514 2690 tronomicas
545 2647 753 2688 faciendas
781 2647 910 2697 missi,
942 2647 1215 2688 observarunt
1245 2646 1357 2704 quod
1386 2647 1604 2704 horologia
1628 2648 1876 2689 oscillatoria
1894 2655 1979 2690 tar-

266 2720 357 2761 dius
397 2710 661 2762 morerentur
699 2735 832 2776 prope
867 2728 1120 2775 aequatorem
1160 2719 1285 2777 quem
1318 2721 1362 2761 in
1401 2720 1640 2777 regionibus
1679 2720 1845 2762 nostris.
1923 2719 1980 2762 Et

270 2792 405 2845 primo
435 2792 603 2848 quidem
632 2793 691 2834 D.
715 2791 872 2853 Rioher
899 2791 981 2833 hoc
1005 2793 1238 2834 observavit
1257 2807 1367 2834 anno
1391 2797 1513 2837 1672.
1534 2794 1578 2834 in
1598 2793 1731 2834 insulsi
1756 2793 1979 2849 Cayennae.

267 2861 376 2903 Nam
397 2863 497 2904 dum
517 2864 754 2905 observaret
774 2863 991 2905 ‘transitum
1011 2863 1191 2905 fixarum
1210 2879 1286 2919 per
1309 2864 1586 2906 meridianum
1605 2879 1748 2906 mense
1769 2865 1980 2921 Augusto,

265 2934 418 2987 reperit
437 2934 700 2992 horologium
721 2949 842 2976 suum
855 2934 1012 2976 tardius
1025 2935 1182 2975 moveri
1198 2933 1322 2990 quem
1342 2950 1420 2990 pro
1440 2936 1578 2977 medio
1596 2943 1714 2976 motu
1736 2934 1857 2985 Solis,
1872 2934 1981 2976 exis-

271 3119 296 3162 (
311 3076 396 3149 (¹2³⁵
408 3079 602 3160 pl‘rcesertigin)
612 3081 638 3110 si
666 3082 771 3111 Terra.
821 3079 861 3111 In
884 3088 920 3110 eo
941 3078 1095 3120 siquidem
1115 3087 1190 3109 casu
1215 3078 1316 3109 minui
1335 3078 1556 3110 diametrorum
1570 3077 1775 3110 differentiam
1791 3076 1982 3110 ostendimus

290 3130 319 3149 ln
373 3130 406 3150 ΓΟ
429 3141 437 3149 =
457 3130 554 3159 pru-'CO
576 3142 583 3149 .
605 3142 612 3150 ·
