2092 3470
492 234 745 278 FLUXUS
774 229 854 278 AC
890 233 1228 277 REFLUXUS
1259 234 1474 277 MARIS.
1750 238 1834 276 329

130 350 432 406 adjudicantur,
453 356 576 405 atque
595 347 650 390 ad
669 362 810 389 onmes
830 347 1010 389 theorias
1028 345 1147 403 aeque
1166 348 1388 402 pertinent.
1439 348 1726 397 Quamobrem
1743 346 1840 388 ulti-

129 438 244 464 mum
270 423 350 465 hoc
382 423 521 478 Caput
552 422 843 464 destinavimus
873 420 1136 476 explicationi
1163 419 1535 475 phaenomenorum
1563 420 1838 476 quorumdam

130 494 412 551 singularium,
444 507 622 549 quorum
650 507 775 534 causa
802 507 887 533 non
906 502 989 533 tam
1009 492 1054 533 in
1079 490 1168 546 ipsa
1189 490 1295 546 aqua
1315 491 1556 547 viribusque
1576 507 1667 533 eam
1687 491 1839 533 sollici-

130 567 329 618 tantibus,
352 565 477 623 quam
496 567 539 607 in
560 565 694 608 Terra
714 565 941 607 continenti
959 564 1247 620 littoribusque
1265 570 1328 604 est
1348 558 1598 618 quaerenda':
1629 564 1709 605 hac
1728 563 1839 605 enim

126 647 245 695 parte
273 639 460 682 absoluta
488 640 592 681 nihil
620 638 798 695 amplius
818 647 972 681 restare
991 638 1166 688 videtur,
1197 636 1310 693 quod
1329 637 1394 678 vel
1414 637 1468 677 ad
1488 638 1661 679 theoriae
1680 646 1838 680 nostrae

131 710 500 762 confirmationem,
530 711 596 752 vel
623 711 677 752 ad
707 711 894 752 omnium
921 710 1292 765 phaenomenorum
1319 707 1578 764 adaequatam
1598 710 1840 765 explicatio-

126 796 223 823 nem
243 782 469 825 desiderari
490 790 626 838 queat.
692 782 893 831 Quamvis
923 782 1035 823 enim
1062 780 1335 822 illustrissima
1355 779 1583 821 Academia
1606 788 1739 822 totum
1758 781 1841 823 hoc

126 860 415 908 argumentum
444 867 529 894 uon
558 851 722 908 penitus
751 852 962 894 exhauriri
985 851 1141 907 jubeat,
1174 849 1270 893 cum
1300 851 1439 908 adhuc
1464 852 1684 894 nonnullas
1704 869 1839 909 quaes-

124 925 257 966 tiones
287 924 340 966 de
374 925 521 966 eodem
548 925 592 966 in
620 933 834 980 posterum
861 938 1096 979 proponere
1127 923 1417 974 constituisset,
1456 932 1598 966 tamen
1624 925 1722 980 quia
1757 925 1839 968 11οο

123 1002 312 1050 tempore
340 1010 438 1037 vera
467 1010 590 1037 causa
617 996 788 1051 physica
817 994 1086 1044 desideratur,
1118 995 1334 1036 veritatem
1362 1002 1516 1037 nostrae
1545 996 1720 1037 theoriae
1753 1011 1840 1038 non

124 1069 222 1110 satis
241 1068 480 1110 confirmari
499 1068 760 1118 arbitramur,
782 1067 861 1109 nisi
881 1068 968 1122 ejus
988 1068 1322 1109 convenientiam
1343 1082 1438 1109 cum
1453 1068 1646 1109 omnibus
1666 1068 1841 1123 phaeno-

122 1139 255 1181 menis
275 1138 454 1181 dilucide
474 1139 798 1188 ostenderemus,
832 1136 927 1180 cum
947 1139 982 1180 si
1005 1138 1071 1179 vel
1094 1138 1265 1180 unicum
1286 1137 1592 1193 phaenomenon
1612 1137 1840 1195 refragare-

70 1268 74 1269 7
123 1219 206 1262 tur,
242 1226 293 1253 eo
325 1212 418 1267 ipso
447 1220 535 1253 tota
564 1211 724 1252 theoria
759 1211 1087 1260 subverteretur;
1119 1226 1243 1267 quam
1275 1212 1329 1252 ob
1361 1226 1527 1252 causam
1560 1210 1841 1264 prolixitatem

122 1292 279 1324 nostrae
305 1284 572 1334 tractationis,
605 1292 727 1339 atque
754 1283 1123 1340 transgressionem
1146 1283 1324 1325 limitum
1351 1284 1691 1339 praescriptorum
1718 1285 1840 1326 nobis

128 1354 218 1395 sine
239 1353 479 1396 difficultate
499 1353 779 1396 condonatum
798 1354 849 1395 iri
870 1354 1130 1396 confidimus.

179 1429 212 1478 §.
239 1431 334 1467 113.
368 1424 557 1466 Primum
577 1433 714 1467 autem
733 1425 1000 1480 perspicuum
1019 1434 1094 1476 est,
1116 1433 1276 1467 motum
1294 1426 1420 1467 maris
1439 1424 1737 1468 horizontalem
1758 1441 1842 1483 quo

119 1495 188 1538 vel
205 1495 348 1538 versus
368 1497 570 1538 orientem
590 1497 656 1538 vel
676 1495 933 1539 occidentem
950 1497 1230 1554 progreditur,
1263 1498 1318 1539 ob
1340 1498 1518 1539 Terram
1546 1499 1836 1554 interpositam

121 1582 210 1608 non
239 1567 373 1609 solum
402 1568 649 1623 perturbari,
681 1567 826 1610 verum
846 1569 968 1610 etiam
990 1568 1239 1624 quandoque
1268 1583 1438 1624 prorsus
1462 1569 1654 1624 impediri
1676 1569 1842 1611 debere.

123 1639 261 1695 Supra
281 1641 391 1682 enim
411 1641 680 1691 ostendimus,
704 1641 738 1682 si
764 1649 852 1682 tota
873 1640 1008 1682 Terra
1027 1639 1134 1696 aqua
1161 1648 1268 1682 esset
1288 1640 1547 1691 circumfusa,
1579 1649 1669 1682 tum
1688 1641 1844 1697 ubique

119 1711 174 1752 ad
202 1712 364 1753 fluxum
392 1712 655 1754 formandum
684 1727 835 1768 aquam
864 1712 917 1753 ab
947 1712 1107 1753 oriente
1136 1711 1286 1753 advehi
1317 1711 1484 1762 debere,
1517 1719 1615 1754 ante
1635 1712 1840 1753 refluxum

120 1790 258 1824 autem
289 1782 431 1824 versus
465 1792 603 1824 ortum
638 1783 831 1824 defluere.
892 1781 1023 1831 Quod
1052 1782 1087 1823 si
1120 1796 1222 1838 ergo
1252 1796 1430 1823 oceanus
1459 1780 1603 1823 versus
1631 1782 1836 1823 orientem

122 1853 266 1894 Terris
298 1853 552 1904 terminetur,
587 1854 677 1895 fieri
711 1854 882 1895 omnino
915 1854 1060 1909 nequit
1093 1860 1281 1908 tempore
1314 1852 1453 1894 fluxus
1489 1853 1544 1895 ad
1572 1853 1666 1895 haec
1699 1854 1842 1896 littora

120 1939 228 1980 aqua
255 1925 309 1966 ab
338 1925 496 1967 oriente
525 1925 677 1975 affluat,
708 1940 791 1981 quo
813 1926 1071 1980 ipsocursus
1090 1940 1210 1980 aquae
1229 1925 1429 1966 naturalis
1449 1924 1615 1979 penitus
1636 1927 1841 1981 impedie-

120 2003 202 2036 tur.
263 1988 475 2044 Quoniam
494 2004 632 2037 autem
651 1996 758 2037 vires
781 1995 889 2038 Solis
910 2010 959 2036 ac
990 1995 1125 2037 Lunae
1146 1994 1414 2036 nihilominus
1438 1995 1503 2037 his
1532 1997 1577 2037 in
1597 1998 1840 2053 regionibus

120 2082 236 2109 mare
264 2068 452 2110 attollere
481 2076 697 2119 conantur,
729 2067 920 2109 effectum
950 2067 1148 2123 consequi
1177 2081 1264 2108 non
1294 2074 1506 2121 poterunt,
1538 2068 1620 2109 nisi
1651 2084 1759 2125 aqua
1787 2070 1841 2111 ab

121 2141 336 2183 occidente
353 2142 571 2184 afferatur:
604 2143 662 2184 sic
683 2142 851 2198 quando
870 2142 925 2183 ad
944 2142 1086 2183 littora
1107 2141 1291 2195 Europae
1311 2156 1419 2196 aqua
1437 2157 1463 2182 a
1483 2141 1640 2183 viribus
1663 2144 1771 2185 Solis
1791 2159 1840 2186 ac

122 2213 256 2254 Lunae
285 2213 479 2263 elevatur,
511 2229 618 2270 aqua
637 2214 690 2255 ab
709 2214 923 2255 occidente
943 2212 993 2254 οὸ
1014 2212 1222 2254 deferatur
1240 2227 1408 2254 necesse
1429 2220 1502 2263 est,
1535 2213 1588 2254 ab
1607 2214 1657 2254 iis
1678 2215 1838 2257 scilicet

119 2285 370 2342 regionibus,
402 2286 474 2327 ubi
503 2301 611 2342 aqua
631 2285 779 2327 eodem
802 2293 988 2340 tempore
1012 2284 1293 2340 deprimetur;
1326 2284 1439 2340 quod
1467 2284 1579 2326 idem
1601 2285 1694 2328 fieri
1714 2286 1840 2330 debet

119 2357 174 2399 ad
201 2358 340 2400 littora
360 2358 516 2400 Africae
537 2366 578 2400 et
598 2359 806 2400 Americae
838 2357 1120 2399 occidentalia.
1183 2355 1342 2398 Contra
1361 2355 1462 2398 vero
1481 2356 1536 2398 ad
1556 2357 1701 2399 littora
1720 2359 1839 2401 Asiae

120 2438 161 2471 et
194 2430 399 2475 Americae
433 2430 649 2472 orientalia
682 2445 790 2486 aqua
823 2429 1001 2471 naturali
1037 2436 1153 2470 motu
1188 2427 1354 2478 feretur,
1390 2436 1515 2484 atque
1548 2429 1593 2469 in
1625 2430 1744 2471 fluxu
1784 2431 1836 2472 ab

121 2500 278 2542 oriente
297 2501 497 2552 adveniet,
520 2502 564 2542 in
584 2502 747 2557 refluxu
766 2501 866 2542 vero
887 2496 1036 2542 versus
1050 2500 1250 2541 orientem
1271 2499 1449 2541 recedet.
1510 2500 1634 2541 Vires
1654 2515 1835 2557 namque

122 2572 230 2614 Solis
259 2587 308 2613 ac
338 2573 471 2615 Lunae
500 2581 661 2615 motum
689 2588 811 2629 aquae
838 2572 1137 2614 horizontalem
1165 2586 1251 2613 non
1279 2585 1356 2626 per
1376 2586 1419 2612 se
1437 2570 1728 2624 determinant,
1761 2573 1836 2614 sed

120 2644 288 2685 eatenus
317 2651 490 2695 tantum,
522 2644 724 2701 quatenus
744 2644 834 2685 aliis
861 2644 905 2684 in
934 2643 1037 2684 locis
1057 2658 1207 2699 aquam
1227 2642 1432 2692 attollunt,
1455 2641 1545 2684 aliis
1565 2642 1666 2684 vero
1687 2643 1836 2685 eodem

122 2721 310 2768 tempore
343 2713 582 2769 deprimunt
594 2730 610 2765 3,
657 2723 782 2772 atque
816 2729 925 2771 aqua
957 2714 1015 2756 ob
1045 2714 1258 2769 propriam
1291 2713 1536 2770 gravitatem
1570 2728 1666 2755 eum
1701 2714 1837 2771 seligit

120 2792 294 2835 motum,
326 2799 410 2840 quo
438 2784 628 2828 facillime
657 2802 683 2827 a
710 2786 814 2828 locis
833 2786 983 2842 quibus
1003 2785 1260 2840 deprimitur,
1281 2785 1336 2826 ad
1355 2785 1447 2826 loca
1465 2785 1615 2842 quibus
1634 2785 1836 2834 attollitur

119 2865 436 2912 promoveatur:
467 2859 737 2915 quamobrem
765 2861 842 2902 iste
871 2868 1008 2901 motus
1039 2857 1220 2900 maxime
1250 2874 1275 2900 a
1295 2858 1440 2900 Terris
1468 2862 1681 2901 oceanum‘
1702 2861 1836 2903 inclu-

122 2927 315 2971 dentibus
335 2930 632 2973 determinetur
651 2946 820 2974 necesse
839 2940 912 2974 est.
976 2932 1094 2974 Hinc
1113 2932 1239 2988 igitur
1258 2931 1473 2987 perspecta
1493 2933 1696 2991 positione
1721 2935 1834 2977 litto-

125 3013 220 3039 rum
250 3000 430 3055 cujusvis
459 3002 584 3043 maris
613 3001 732 3044 facile
750 3003 917 3045 definiri
945 3004 1109 3059 poterit,
1141 3018 1165 3044 a
1186 3018 1364 3059 quanam
1382 3003 1506 3060 plaga
1521 3020 1634 3061 aqua
1652 3006 1695 3046 in
1715 3007 1832 3047 fluxu

125 3070 274 3122 venire,
307 3087 585 3130 quorsumque
614 3074 658 3116 in
687 3075 851 3119 refluxu
879 3076 1079 3119 decedere
1110 3075 1270 3128 debeat,
1302 3077 1337 3118 si
1365 3075 1492 3119 modo
1521 3076 1767 3120 elevationes
1790 3086 1831 3120 et
