2092 3470
289 213 319 241 x
922 194 1366 238 INTRODUCTIO
1800 193 1929 246 [cir.
1951 193 1988 236 1.
2009 211 2022 224 ⁴

283 314 326 355 in
341 313 424 355 duo
442 310 743 367 hemisphaeria,
765 310 932 353 boreale
946 310 1005 352 AE
1025 309 1061 352 P
1075 310 1133 360 Q,
1150 310 1196 351 in
1215 324 1300 366 quo
1321 316 1383 351 est
1399 308 1522 365 polus
1541 308 1720 350 borealis
1742 309 1803 360 P;
1835 318 1876 351 et
1894 325 1991 353 aus-

283 384 385 426 trale
405 382 463 423 AE
483 397 512 437 p
534 381 589 432 Q,
611 382 655 422 in
675 396 758 437 quo
780 389 842 422 est
861 380 983 436 polus
1003 380 1193 422 australis
1212 395 1256 435 p.

340 460 379 496 3.
412 451 550 494 Stellae
569 451 755 508 singulae,
777 459 824 492 ut
845 452 889 501 S,
912 451 958 491 in
977 450 1140 493 circulis
1164 451 1194 493 S
1217 451 1247 493 S
1267 451 1471 507 aequatori
1486 450 1546 493 ΖΕ
1569 451 1612 500 Q
1631 450 1853 506 parallelis,
1875 465 1990 499 com-,-

281 525 397 567 muni
416 524 591 580 sphaerae
611 524 787 566 coelestis
806 531 924 565 motu
944 523 1099 565 revolvi
1118 523 1303 579 quotidie
1321 523 1528 566 videntur.
1586 525 1704 566 Fixae
1721 524 1992 566 nominantur
2027 515 2030 517 ⁵

282 612 376 654 quae
405 597 578 638 eandem
608 597 717 638 inter
746 610 837 637 sese
864 595 1102 637 distantiam
1128 593 1333 651 perpetuo
1353 602 1543 644 servant3
1573 597 1760 636 erraticae
1786 594 1886 637 vero
1915 610 1990 637 seu

276 670 454 724 planetae
475 675 675 709 vocantur
703 682 798 723 quae
822 666 1038 708 distantias
1059 680 1152 707 suas
1173 681 1198 707 a
1217 665 1312 706 fixis
1332 665 1377 705 in
1397 665 1484 706 dies
1503 673 1667 707 mutant
1690 673 1731 706 et
1749 652 1990 720 motuprc-

279 741 374 796 prio
412 740 510 782 ferri
543 739 864 795 conspiciuntur.
966 737 1151 780 Planetae
1195 743 1291 778 sunt
1333 744 1491 791 septem
1530 736 1614 778 suis
1647 725 1827 791 propriis
1862 736 1991 793 signis

279 811 424 862 notati,
455 810 644 852 videlicet
675 808 749 852 Sol
778 811 835 860 Θ,
877 809 1001 850 Luna
1049 811 1096 858 ἶ),
1136 806 1374 850 Mercurius
1417 808 1466 857 ἕ,
1507 807 1652 849 Venus
1691 810 1738 858 2,
1782 806 1901 849 Mars
1936 808 1988 860 ὃ,

279 881 444 936 Jupiter
465 882 503 921 u
527 887 568 921 et
590 880 792 922 Saturnus
818 881 847 922 b
871 894 883 928 3
916 878 1063 919 Terrae
1083 876 1182 918 vero
1202 877 1367 934 signum
1388 884 1450 918 est
1467 876 1549 918 hoc
1578 875 1602 919 ὃ,
1615 907 1627 919 .

338 957 378 993 4.
407 952 612 1004 Ecliptica
642 940 703 992 est
731 949 908 991 circulus
939 948 1115 1004 sphaerae
1141 948 1347 990 maximus
1376 962 1499 1003 quem
1529 955 1717 992 centrum
1741 948 1846 990 Solis
1870 956 1990 996 motu

280 1024 452 1079 proprio
473 1023 525 1064 ab
545 1037 695 1064 occasu
714 1022 769 1064 ad
789 1029 929 1063 ortum
958 1020 1131 1078 singulis
1161 1019 1279 1061 annis
1309 1018 1542 1060 describere
1561 1019 1737 1065 videtur.
1799 1020 1886 1062 Hic
1910 1021 1991 1064 cir-

282 1094 400 1136 culus
437 1101 691 1151 aequatorem
719 1092 888 1149 oblique
917 1093 1137 1134 intersecat
1170 1091 1246 1132 sub

282 1165 436 1223 angulo
469 1165 746 1207 inclinationis
782 1164 841 1206 AE
874 1164 916 1206 T
958 1164 1008 1215 C,
1039 1163 1249 1220 graduum

283 1241 366 1291 23}
414 1237 587 1278 circiter.
669 1236 831 1278 Puncta
866 1235 951 1291 duo
985 1235 1175 1292 opposita
1204 1234 1250 1281 in

283 1310 433 1366 quibus
467 1315 654 1364 aequator
688 1317 729 1348 et
762 1306 951 1361 ecliptica
984 1321 1072 1347 sese
1104 1305 1250 1348 mutuo

284 1388 437 1430 secant,
471 1379 770 1433 aequinoctialz'a
798 1378 994 1419 dicuntur
1014 1377 1128 1433 quod
1156 1377 1252 1418 Sole

283 1452 329 1492 in
355 1451 405 1491 iis
431 1449 567 1505 posito
596 1448 684 1490 dies
713 1448 867 1505 ubique
901 1456 1107 1491 terrarum
1139 1448 1253 1491 nocti
1309 1462 1324 1489 J

284 1522 454 1579 aequalis
475 1521 540 1571 sit,
563 1527 604 1561 et
623 1519 721 1561 inde
741 1527 905 1574 tempus
925 1534 1009 1576 quo
1028 1520 1101 1561 Sol
1120 1534 1252 1574 punc-

284 1603 374 1636 tum
399 1593 643 1634 alterutrum
661 1590 948 1647 aequinoctiale
968 1591 1146 1648 attingit,
1179 1606 1253 1633 vo-

286 1674 404 1709 catur
438 1662 745 1719 aequinoctium.
806 1662 1015 1704 Punctum
1043 1663 1252 1719 aequinoc-

283 1737 379 1779 tiale
407 1734 573 1777 vernale
599 1740 661 1775 est
690 1732 801 1775 unde
835 1733 909 1775 Sol
937 1740 1054 1775 motu
1079 1735 1252 1790 proprio

281 1808 422 1850 versus
445 1806 591 1862 polum
615 1804 824 1852 borealem
844 1805 1029 1849 ascendit
1051 1806 1096 1846 in
1125 1806 1252 1862 eclip-
1312 1851 1315 1853 ,
1372 1828 1380 1831 »

281 1880 376 1931 tica,
399 1879 636 1922 autumnale
654 1877 753 1920 verb
773 1877 884 1919 unde
904 1877 977 1920 Sol
996 1877 1138 1919 versus
1157 1878 1307 1934 polum
1331 1880 1554 1923 australem
1568 1882 1794 1935 descendit,
1816 1883 1994 1942 ideoque

282 1950 578 2007 aequinoctium
604 1956 666 1991 est
692 1948 859 2002 vernale
887 1948 953 1989 vel
973 1949 1226 1991 autumnale.
1292 1950 1454 1993 Puncta
1482 1954 1712 1994 solstitialia
1742 1962 1839 1996 sunt
1864 1954 1994 2012 eclip-

282 2025 376 2067 ticae
395 2030 551 2079 puncta
569 2022 654 2063 duo
675 2020 867 2077 opposita
882 2034 975 2076 quae
996 2035 1020 2061 a
1034 2021 1200 2076 punctis
1219 2022 1574 2078 aequinoctialibus
1593 2031 1682 2065 toto
1702 2024 1846 2067 circuli
1863 2026 1997 2082 quad-i

282 2103 399 2138 rante
440 2095 605 2144 distant,
637 2108 812 2150 quaeque
841 2091 1021 2148 proinde
1051 2092 1232 2135 maxime
1253 2093 1454 2135 recedunt
1476 2094 1530 2135 ab
1550 2101 1760 2150 aequatore
1779 2104 1821 2137 et
1839 2097 1885 2138 in
1902 2098 1995 2155 qui-

281 2168 360 2209 bus
380 2181 574 2209 ascensus
597 2166 705 2208 Solis
720 2164 846 2221 supra
860 2172 1114 2221 aequatorem
1130 2173 1171 2207 et
1185 2165 1406 2207 descensus
1422 2165 1527 2208 infra
1547 2167 1722 2208 eundem
1737 2169 1994 2214 terminatur.

285 2238 455 2295 Horum
483 2244 735 2292 punctorum
762 2235 877 2292 prius
907 2236 1098 2278 aestivum
1136 2235 1373 2291 appellat-ur
1404 2251 1488 2292 quo
1521 2236 1718 2277 nimirum
1752 2240 1998 2289 terminatur

286 2308 393 2351 Solis
413 2322 604 2350 ascensus
626 2306 752 2362 supra
771 2314 1051 2361 aequatorem3
1081 2306 1285 2362 posterius
1314 2306 1502 2348 brumale
1522 2306 1588 2347 vel
1606 2306 1853 2362 hybernum.
1913 2311 1996 2355 Di·-

283 2386 434 2421 cuntur
463 2378 690 2420 solstitialia
709 2378 822 2434 quod
845 2378 942 2420 Sole
969 2378 1014 2425 in
1042 2377 1092 2419 iis
1120 2384 1324 2428 versante,
1353 2392 1430 2432 per
1463 2377 1621 2434 aliquot
1647 2370 1736 2420 dies'
1765 2395 1818 2421 ex
1844 2381 1998 2426 eodem

282 2449 506 2491 horizontis
542 2456 698 2504 puncto
730 2448 842 2498 oriri,
865 2456 907 2489 et
926 2462 950 2489 e
974 2447 1157 2503 regione,
1179 2446 1223 2488 in
1243 2447 1390 2488 eodem
1409 2455 1567 2502 puncto
1586 2448 1775 2490 occidere
1794 2450 1995 2497 videatm.

285 2522 473 2577 Tempus
503 2535 585 2577 quo
619 2519 692 2563 Sol
716 2527 872 2575 puncta
895 2518 1124 2561 solstitialia
1144 2518 1387 2576 ingreditur,
1420 2528 1591 2562 vocatur
1620 2520 1852 2574 solstitium,
1883 2526 1997 2581 quod

284 2591 379 2634 ideb
399 2592 464 2633 vel
484 2591 672 2633 aestivum
692 2590 758 2632 vel
776 2590 966 2632 brumale
985 2598 1060 2633 est.

341 2665 504 2728 Signum
538 2665 688 2706 coeleste
721 2670 784 2704 est
817 2662 1063 2704 duode1ima
1095 2677 1192 2718 pars
1227 2663 1431 2718 eclipticae
1460 2671 1502 2705 et
1532 2664 1576 2705 in
1598 2670 1652 2707 30
1671 2665 1827 2722 gradus
1852 2681 1994 2712 rursus

285 2734 494 2777 dividitur.
570 2735 700 2777 Primi
730 2735 837 2792 signi
864 2735 1118 2794 principium
1147 2743 1211 2777 est
1225 2735 1283 2776 in
1310 2743 1469 2791 puncto
1489 2736 1767 2792 aequinoctiali
1785 2740 1941 2782 vernali
1967 2757 1994 2784 a

287 2820 371 2862 quo
400 2805 518 2861 signa
537 2806 590 2846 ab
612 2820 759 2848 occasu
780 2806 824 2847 in
843 2813 982 2847 ortum
1006 2805 1129 2861 juxti
1156 2813 1317 2847 motum
1343 2806 1560 2861 proprium
1583 2807 1691 2849 Solis
1710 2817 1993 2854 numerantur.

290 2877 373 2918 Sex
393 2882 489 2915 sunt
509 2874 689 2916 borealia
707 2889 782 2931 per
801 2875 1010 2917 borealem
1031 2875 1232 2931 eclipticae
1260 2883 1423 2930 partem
1442 2875 1840 2935 distributighisque
1859 2882 1993 2922 nomi-

287 2946 406 2989 nibus
443 2959 491 2986 ae
526 2943 827 2989 characteribus
848 2946 1099 3004 designata:
1165 2946 1287 2989 Aries
1322 2954 1378 2998 (Ῥ,
1421 2947 1587 2990 Taurus
1635 2953 1682 3000 ὅ,
1725 2949 1893 2993 Gemini
1937 2960 1990 3004 Π,
