2092 3470
259 241 342 277 210
655 236 742 278 DE
773 237 976 280 CAUSA
1009 237 1280 281 PHYSICA
1312 237 1564 280 FLUXUS

253 355 370 389 motu
399 347 534 389 Lunae
563 348 782 404 desumpta
811 349 1059 400 adhibenda,
1094 357 1140 391 ut
1159 357 1320 405 tempus
1341 365 1425 406 quo
1443 364 1558 391 mare
1578 348 1633 390 ad
1652 348 1878 390 maximam
1896 362 1961 390 as-

253 427 395 476 surget
421 420 679 462 altitudinem
708 421 776 462 die
804 422 1005 462 novilunii
1034 422 1099 462 vel
1126 421 1342 476 plenilunii
1361 421 1590 464 accuratius
1611 421 1846 463 definiatur.
1907 421 1960 463 In

251 491 453 533 aestuariis
474 500 610 533 autem
631 492 782 534 diversi
802 493 985 534 existunt
1004 500 1127 533 aestus
1147 500 1346 547 tempore,
1378 501 1426 534 ut
1453 493 1636 549 loquitur
1667 493 1841 543 Plinius,
1873 507 1959 533 non

250 566 410 607 ratione
429 565 653 608 discordes.
712 567 814 609 Duo
834 575 958 607 aestus
979 566 1050 622 qui
1071 566 1243 623 singulis
1264 566 1410 607 diebus
1429 566 1732 620 producuntur,
1755 582 1842 608 non
1863 574 1961 607 sunt

250 652 413 694 semper
432 638 637 694 aequales;
667 638 859 679 matutini
879 638 990 679 enim
1010 639 1186 694 majores
1209 646 1305 680 sunt
1322 639 1566 694 vespertinis
1592 646 1779 695 tempore
1806 640 1960 696 hyber-
2022 695 2024 697 v

248 723 317 759 no,
340 708 520 750 minores
541 717 727 764 tempore
747 709 904 759 aestivo,
925 708 1157 763 praesertim
1176 709 1220 749 in
1240 708 1416 765 syzygiis
1429 709 1714 751 luminarium.
1736 710 1789 765 (³)

225 772 233 797 7
304 778 366 820 II.
395 778 466 820 De
485 787 602 820 motu
621 778 746 819 maris
765 787 976 820 menstruo
995 779 1075 820 tria
1093 778 1303 834 praecipue
1323 786 1420 820 sunt
1433 779 1703 836 observanda.
1755 785 1794 821 1.
1812 779 1959 822 AEstus

247 850 355 891 fiunt
372 849 544 891 maximi
564 848 736 905 singulis
756 849 966 890 mensibus
985 849 1110 904 paulo
1129 858 1226 905 post
1245 849 1432 906 syzygias
1450 850 1557 892 Solis
1573 858 1614 891 et
1630 850 1778 900 Lunae,
1796 849 1959 892 decres-

247 931 348 965 cunt
365 921 409 963 in
429 915 604 964 transitu
624 921 760 962 Lunae
780 921 834 962 ad
855 921 1138 977 quadraturas,
1170 931 1211 965 et
1240 930 1335 964 sunt
1363 921 1489 978 paulo
1508 930 1605 979 post
1624 923 1795 963 minimi.
1855 921 1952 965 Dif-

244 994 416 1036 ferentia
435 1001 550 1034 tanta
569 1000 643 1044 est,
666 1001 712 1034 ut
732 1007 925 1035 ascensus
952 995 1078 1036 totius
1097 1010 1216 1051 aquae
1234 995 1439 1037 maximus
1461 996 1513 1037 sit
1533 995 1587 1037 ad
1607 996 1825 1037 minimum
1847 995 1956 1050 ejus·-

245 1069 340 1110 dem
359 1058 526 1118 mensis,
549 1065 778 1108 secundum
798 1067 999 1123 quasdam
1018 1068 1339 1119 observationes,
1366 1076 1413 1110 ut
1433 1076 1459 1112 9
1480 1069 1533 1111 ad
1554 1075 1594 1119 5,
1617 1078 1658 1111 et
1678 1069 1723 1110 in
1743 1067 1958 1110 nonnullis

244 1139 415 1197 casibus.
438 1137 672 1178 differentia
707 1137 950 1180 observatur
984 1139 1123 1181 adhuc
1155 1140 1300 1195 major.
1374 1145 1415 1181 2.
1453 1139 1600 1181 AEstus
1635 1147 1730 1181 sunt
1763 1139 1955 1194 majores,

243 1212 401 1253 caeteris
431 1211 615 1266 paribuS,
649 1209 732 1267 quo
760 1211 898 1252 minor
927 1220 989 1253 est
1017 1212 1210 1254 distantia
1231 1212 1365 1253 Lunae
1384 1227 1410 1252 a
1429 1212 1577 1262 Terra,
1599 1212 1723 1267 idque
1744 1211 1788 1252 in
1808 1210 1956 1266 majori

243 1285 404 1325 ratione
424 1283 550 1340 quam
569 1284 731 1325 inversa
750 1283 958 1339 duplicata
978 1284 1277 1335 distantiarum,
1308 1292 1355 1325 ut
1380 1298 1434 1325 ex
1452 1284 1576 1325 variis
1595 1283 1954 1324 observationibus

242 1355 466 1413 colligitur.
510 1355 591 1397 Ex·
607 1371 671 1413 gr.
688 1370 799 1397 anno
815 1360 937 1400 1713.
959 1371 1152 1398 ascensus
1168 1371 1286 1413 aquae
1306 1356 1350 1397 in
1366 1356 1497 1398 Portu
1518 1355 1767 1406 Bristonico,
1787 1355 1838 1410 (ι’)
1855 1354 1960 1396 refe-

241 1435 358 1469 rente
387 1428 535 1469 eodem
557 1428 608 1470 cl.
629 1428 732 1479 viro,
764 1433 849 1471 26⁰.
858 1428 982 1470 Febr.
1002 1428 1080 1471 fuit
1097 1428 1253 1484 pedum
1273 1434 1328 1470 22
1348 1428 1574 1485 digitorum
1595 1433 1635 1470 5.
1656 1434 1699 1469 et
1719 1427 1868 1469 Martii
1883 1432 1967 1469 13⁰.

240 1500 397 1556 pedum
429 1506 495 1543 18.
519 1500 636 1558 digit.
659 1506 698 1543 2.
761 1500 1000 1543 Declinatio
1029 1501 1163 1543 Lunae
1192 1500 1236 1542 in
1265 1508 1441 1556 utroque
1470 1515 1569 1542 casu
1597 1498 1683 1541 fere
1712 1499 1882 1549 eadem3
1912 1498 1956 1539 in

240 1571 371 1626 priori
401 1571 596 1613 distantia
627 1571 762 1613 Lunae
790 1572 971 1627 partium
993 1577 1091 1623 953,
1121 1572 1165 1612 in
1183 1572 1404 1626 posteriori
1421 1571 1604 1626 partium
1628 1575 1753 1621 1032,
1776 1584 1956 1625 quarum

242 1643 438 1685 distantia
466 1643 686 1685 mediocris
720 1652 781 1685 est
818 1650 942 1686 1000.
1008 1643 1087 1685 Est
1114 1651 1253 1685 autem
1288 1642 1534 1699 quadratum
1559 1641 1721 1683 numeri
1758 1646 1880 1695 1032*
1906 1641 1960 1683 ad

240 1717 489 1773 quadratum
517 1718 681 1759 numeri
711 1724 809 1769 953,
851 1726 898 1759 ut
927 1723 981 1758 22
1009 1717 1137 1772 pedes
1169 1723 1194 1759 5
1223 1717 1340 1774 digit.
1372 1717 1425 1758 ad
1458 1722 1510 1758 19
1539 1715 1667 1771 pedes
1701 1714 1752 1767 1}
1781 1714 1959 1771 digitos;

240 1804 435 1830 ascensus
455 1798 593 1831 autem
613 1805 732 1845 aquae
752 1790 795 1830 in
816 1789 1035 1844 posteriori
1055 1803 1153 1830 casu
1172 1787 1249 1829 fuit
1269 1787 1432 1829 tantum
1451 1793 1502 1829 18
1523 1786 1618 1842 ped.
1635 1801 1729 1827 cum
1750 1791 1776 1827 2
1798 1786 1952 1843 digitis.

243 1867 283 1902 3.
316 1861 466 1903 AEstus
497 1869 606 1912 sunt,
639 1862 799 1903 caeteris
827 1860 1009 1916 paribus,
1041 1860 1232 1915 majores,
1264 1858 1360 1900 cum
1392 1859 1516 1900 Luna
1536 1866 1723 1900 versatur
1741 1858 1787 1898 in
1806 1857 1961 1898 circulo

244 1934 536 1989 aequinoctiali,
558 1941 600 1975 et
619 1933 863 1974 minuuntur
884 1939 1094 1990 crescente
1115 1932 1253 1973 Lunae
1273 1930 1552 1972 declinatione
1572 1929 1625 1971 ab
1645 1929 1727 1970 hoc
1742 1928 1914 1973 ¹circulo.
1983 1956 1987 1961 ·

299 2007 385 2049 III.
421 2007 569 2067 AEstus
603 1997 724 2058 fiunt,
759 2007 918 2048 caeteris
961 2006 1144 2062 paribus,
1176 2006 1366 2060 majores,
1402 2003 1487 2061 quo
1513 2003 1650 2045 minor
1678 2011 1740 2044 est
1768 2002 1962 2044 distantia
1979 2001 1983 2006 ’

244 2080 355 2131 Solis
386 2096 411 2122 a
441 2081 576 2122 Terra
586 2096 598 2130 3
629 2080 817 2136 adeoque
847 2079 1025 2135 majores
1052 2079 1201 2135 hyeme
1233 2077 1391 2119 caeteris
1425 2076 1607 2132 paribus,
1643 2073 1770 2131 quam
1803 2081 1958 2117 aestate.

172 2195 174 2197 ,
239 2152 495 2194 Differentia
524 2152 627 2194 vero
657 2151 783 2209 longe
813 2152 951 2193 minor
979 2159 1042 2192 est
1071 2150 1195 2207 quam
1217 2165 1311 2207 quae
1331 2164 1384 2191 ex
1404 2148 1574 2190 diversis
1604 2147 1740 2189 Lunae
1759 2146 1960 2189 distantiis

240 2225 383 2266 oritur.
430 2225 511 2266 Ex.
533 2240 596 2282 gr.
619 2224 829 2266 distantiae
853 2224 992 2267 Lunae
1011 2223 1192 2280 perigeae
1212 2222 1380 2264 fuerunt
1398 2220 1577 2278 aequales
1597 2219 1712 2261 Junii
1738 2225 1809 2275 19,
1835 2220 1957 2264 1711.

240 2305 282 2339 et
302 2298 542 2340 Decembri.
567 2303 638 2348 28,
667 2302 790 2342 1712.
812 2311 1005 2338 ascensus
1026 2311 1144 2352 aquae
1172 2295 1312 2351 priore
1331 2294 1398 2335 die
1416 2292 1571 2349 pedum
1595 2295 1644 2333 18
1665 2291 1781 2348 digit.
1801 2297 1842 2332 4.
1861 2301 1957 2346 pos·-

240 2368 384 2410 teriori
412 2368 570 2424 pedum
605 2374 671 2410 19.
702 2367 820 2425 digit.
852 2373 919 2416 2.;
951 2367 1171 2408 declinatio
1200 2374 1338 2407 autem
1367 2364 1502 2406 Lunae
1521 2361 1598 2404 fuit
1615 2360 1740 2417 paulo
1760 2361 1896 2403 minor
1914 2362 1957 2410 in

239 2439 318 2481 hac
339 2438 463 2495 quam
484 2440 527 2480 in
553 2439 624 2480 illa
644 2438 942 2480 observatione.
966 2438 1013 2492 (⁶)

299 2509 434 2551 Porro
469 2510 513 2550 in
548 2509 727 2551 diversis
766 2508 871 2550 locis
905 2517 1030 2549 aestus
1065 2513 1161 2548 sunt
1194 2505 1357 2556 diversi,
1391 2518 1470 2560 pro
1502 2502 1616 2544 varia
1648 2501 1835 2543 locorum
1867 2502 1959 2544 lati-

245 2581 406 2632 tudine,
448 2596 678 2638 eorumque
714 2581 794 2622 situ
829 2587 1020 2635 respectu
1054 2579 1197 2621 oceani
1237 2577 1348 2619 unde
1384 2584 1678 2633 propagantur,
1713 2590 1792 2631 pro
1830 2574 1959 2629 ipsius

244 2653 389 2694 oceani
425 2652 713 2708 amplitudine,
752 2659 793 2693 et
827 2651 1015 2692 littorum
1048 2649 1330 2705 fretorumque
1366 2646 1518 2698 indole,
1552 2646 1721 2702 aliisque
1753 2644 1875 2687 variis
1905 2643 1959 2686 de

241 2725 387 2766 causis.

266 2879 335 2933 -(²)
355 2879 455 2910 Mem.
474 2878 513 2911 de
528 2878 655 2910 l'Acad.
678 2879 806 2919 Royale,
828 2882 918 2911 1710.
939 2881 1028 2910 1712.
1049 2883 1081 2909 et
1170 2875 1217 2918 (⁰)
1242 2875 1340 2907 Mae'zm.
1359 2875 1399 2907 de
1413 2874 1538 2908 I’Acad.
1560 2873 1689 2915 Royale,
1707 2875 1797 2906 1710.
1819 2875 1909 2906 1712.
1927 2878 1959 2903 et

247 2923 339 3004 Ιιέξῖ).
355 2963 435 2993 1bjd,
1125 2921 1217 2951 1713.
