<?xml version="1.0" encoding="UTF-8"?>
<!DOCTYPE html PUBLIC "-//W3C//DTD XHTML 1.0 Transitional//EN"
    "http://www.w3.org/TR/xhtml1/DTD/xhtml1-transitional.dtd">
<html xmlns="http://www.w3.org/1999/xhtml" xml:lang="en" lang="en">
 <head>
  <title>
</title>
<meta http-equiv="Content-Type" content="text/html;charset=utf-8" />
  <meta name='ocr-system' content='tesseract 3.04.00' />
  <meta name='ocr-capabilities' content='ocr_page ocr_carea ocr_par ocr_line ocrx_word'/>
</head>
<body>
  <div class='ocr_page' id='page_1' title='image "./philosophiaenatu03newtuoft_0284.png"; bbox 0 0 2092 3470; ppageno 0'>
   <div class='ocr_carea' id='block_1_1' title="bbox 230 205 1527 273">
    <p class='ocr_par' dir='ltr' id='par_1_1' title="bbox 230 205 1527 273">
     <span class='ocr_line' id='line_1_1' title="bbox 230 205 1527 273; baseline 0.001 -1"><span class='ocrx_word' id='word_1_1' title='bbox 230 235 313 273; x_wconf 79' lang='lat'><strong>236</strong></span> <span class='ocrx_word' id='word_1_2' title='bbox 627 228 713 271; x_wconf 85' lang='lat' dir='ltr'><strong>DE</strong></span> <span class='ocrx_word' id='word_1_3' title='bbox 744 205 943 272; x_wconf 72' lang='lat' dir='ltr'>CAUSA</span> <span class='ocrx_word' id='word_1_4' title='bbox 974 227 1245 271; x_wconf 85' lang='lat' dir='ltr'>PHYSICA</span> <span class='ocrx_word' id='word_1_5' title='bbox 1277 227 1527 273; x_wconf 78' lang='lat' dir='ltr'><strong>FLUXUs</strong></span> 
     </span>
    </p>
   </div>
   <div class='ocr_carea' id='block_1_2' title="bbox 189 341 1921 1321">
    <p class='ocr_par' dir='ltr' id='par_1_2' title="bbox 189 341 1921 538">
     <span class='ocr_line' id='line_1_2' title="bbox 229 341 1918 400; baseline 0.002 -17"><span class='ocrx_word' id='word_1_6' title='bbox 229 343 361 397; x_wconf 49' lang='grc' dir='ltr'><strong><em>θῦὸὒόέσ</em></strong></span> <span class='ocrx_word' id='word_1_7' title='bbox 389 341 572 397; x_wconf 79' lang='lat' dir='ltr'><strong>partibus</strong></span> <span class='ocrx_word' id='word_1_8' title='bbox 602 341 740 400; x_wconf 85' lang='lat' dir='ltr'><strong>digiti3</strong></span> <span class='ocrx_word' id='word_1_9' title='bbox 770 356 893 399; x_wconf 90' lang='lat' dir='ltr'><strong>quem</strong></span> <span class='ocrx_word' id='word_1_10' title='bbox 921 357 996 384; x_wconf 92' lang='lat' dir='ltr'><strong>suo</strong></span> <span class='ocrx_word' id='word_1_11' title='bbox 1027 355 1142 383; x_wconf 87' lang='lat' dir='ltr'><strong>more</strong></span> <span class='ocrx_word' id='word_1_12' title='bbox 1174 341 1353 385; x_wconf 88' lang='lat' dir='ltr'><strong>breviter</strong></span> <span class='ocrx_word' id='word_1_13' title='bbox 1383 343 1656 400; x_wconf 82' lang='lat' dir='ltr'><strong>deprehendit</strong></span> <span class='ocrx_word' id='word_1_14' title='bbox 1690 343 1918 387; x_wconf 84' lang='lat' dir='ltr'><strong>Newtonus</strong></span> 
     </span>
     <span class='ocr_line' id='line_1_3' title="bbox 189 404 1921 471; baseline 0.003 -20"><span class='ocrx_word' id='word_1_15' title='bbox 189 404 199 407; x_wconf 28' lang='lat'>⁸</span> <span class='ocrx_word' id='word_1_16' title='bbox 229 425 318 452; x_wconf 84' lang='lat' dir='ltr'><strong>esse</strong></span> <span class='ocrx_word' id='word_1_17' title='bbox 346 412 462 467; x_wconf 89' lang='lat' dir='ltr'><strong>pedis</strong></span> <span class='ocrx_word' id='word_1_18' title='bbox 492 413 624 463; x_wconf 88' lang='lat' dir='ltr'><strong>unius,</strong></span> <span class='ocrx_word' id='word_1_19' title='bbox 655 412 877 470; x_wconf 83' lang='lat' dir='ltr'><strong>digitorum</strong></span> <span class='ocrx_word' id='word_1_20' title='bbox 902 412 1093 454; x_wconf 90' lang='lat' dir='ltr'><strong>undecim</strong></span> <span class='ocrx_word' id='word_1_21' title='bbox 1112 426 1207 453; x_wconf 92' lang='lat' dir='ltr'><strong>cum</strong></span> <span class='ocrx_word' id='word_1_22' title='bbox 1226 414 1278 465; x_wconf 68' lang='lat'>&#39;5¹15</span> <span class='ocrx_word' id='word_1_23' title='bbox 1297 422 1419 468; x_wconf 81' lang='lat' dir='ltr'><strong>parte</strong></span> <span class='ocrx_word' id='word_1_24' title='bbox 1435 414 1564 471; x_wconf 86' lang='lat' dir='ltr'><strong>digiti,</strong></span> <span class='ocrx_word' id='word_1_25' title='bbox 1589 428 1681 471; x_wconf 88' lang='lat' dir='ltr'><strong>quae</strong></span> <span class='ocrx_word' id='word_1_26' title='bbox 1702 413 1874 456; x_wconf 87' lang='lat' dir='ltr'><strong>altitudo</strong></span> <span class='ocrx_word' id='word_1_27' title='bbox 1895 430 1921 457; x_wconf 84' lang='lat' dir='ltr'><strong>a</strong></span> 
     </span>
     <span class='ocr_line' id='line_1_4' title="bbox 228 481 1262 538; baseline 0.002 -16"><span class='ocrx_word' id='word_1_28' title='bbox 228 481 368 524; x_wconf 63' lang='lat' dir='ltr'><strong>nostra</strong></span> <span class='ocrx_word' id='word_1_29' title='bbox 389 483 525 525; x_wconf 89' lang='lat' dir='ltr'><strong>differt</strong></span> <span class='ocrx_word' id='word_1_30' title='bbox 543 482 702 525; x_wconf 76' lang='lat' dir='ltr'><strong>tantum</strong></span> <span class='ocrx_word' id='word_1_31' title='bbox 723 482 836 524; x_wconf 66' lang='lat' dir='ltr'><strong>sexta</strong></span> <span class='ocrx_word' id='word_1_32' title='bbox 855 490 971 538; x_wconf 85' lang='lat' dir='ltr'><strong>parte</strong></span> <span class='ocrx_word' id='word_1_33' title='bbox 991 482 1111 523; x_wconf 87' lang='lat' dir='ltr'><strong>unius</strong></span> <span class='ocrx_word' id='word_1_34' title='bbox 1131 481 1262 538; x_wconf 87' lang='lat' dir='ltr'><strong>digiti.</strong></span> 
     </span>
    </p>

    <p class='ocr_par' dir='ltr' id='par_1_3' title="bbox 224 552 1921 1321">
     <span class='ocr_line' id='line_1_5' title="bbox 287 552 1921 612; baseline 0.002 -17"><span class='ocrx_word' id='word_1_35' title='bbox 287 552 444 596; x_wconf 72' lang='lat' dir='ltr'><strong>Verum</strong></span> <span class='ocrx_word' id='word_1_36' title='bbox 464 555 508 596; x_wconf 92' lang='lat' dir='ltr'><strong>in</strong></span> <span class='ocrx_word' id='word_1_37' title='bbox 526 555 606 597; x_wconf 89' lang='lat' dir='ltr'><strong>hoc</strong></span> <span class='ocrx_word' id='word_1_38' title='bbox 626 555 782 596; x_wconf 85' lang='lat' dir='ltr'><strong>calculo</strong></span> <span class='ocrx_word' id='word_1_39' title='bbox 812 554 946 596; x_wconf 90' lang='lat' dir='ltr'><strong>Terra</strong></span> <span class='ocrx_word' id='word_1_40' title='bbox 970 554 1224 609; x_wconf 76' lang='lat' dir='ltr'><strong>supponitur</strong></span> <span class='ocrx_word' id='word_1_41' title='bbox 1235 569 1322 595; x_wconf 90' lang='lat' dir='ltr'><strong>esse</strong></span> <span class='ocrx_word' id='word_1_42' title='bbox 1342 554 1555 609; x_wconf 71' lang='lat' dir='ltr'><strong>sphaerica,</strong></span> <span class='ocrx_word' id='word_1_43' title='bbox 1577 555 1655 598; x_wconf 91' lang='lat' dir='ltr'><strong>nisi</strong></span> <span class='ocrx_word' id='word_1_44' title='bbox 1677 564 1876 612; x_wconf 86' lang='lat' dir='ltr'><strong>quatenus</strong></span> <span class='ocrx_word' id='word_1_45' title='bbox 1895 571 1921 598; x_wconf 85' lang='lat' dir='ltr'><strong>a</strong></span> 
     </span>
     <span class='ocr_line' id='line_1_6' title="bbox 228 624 1916 683; baseline 0.002 -18"><span class='ocrx_word' id='word_1_46' title='bbox 228 624 270 665; x_wconf 88' lang='lat' dir='ltr'><strong>vi</strong></span> <span class='ocrx_word' id='word_1_47' title='bbox 303 625 408 668; x_wconf 86' lang='lat' dir='ltr'><strong>Solis</strong></span> <span class='ocrx_word' id='word_1_48' title='bbox 443 641 554 668; x_wconf 89' lang='lat' dir='ltr'><strong>mare</strong></span> <span class='ocrx_word' id='word_1_49' title='bbox 584 626 775 668; x_wconf 88' lang='lat' dir='ltr'><strong>elevatur.</strong></span> <span class='ocrx_word' id='word_1_50' title='bbox 838 624 920 667; x_wconf 87' lang='lat' dir='ltr'><strong>Sed</strong></span> <span class='ocrx_word' id='word_1_51' title='bbox 951 625 986 666; x_wconf 94' lang='lat' dir='ltr'><strong>si</strong></span> <span class='ocrx_word' id='word_1_52' title='bbox 1017 638 1231 666; x_wconf 87' lang='lat' dir='ltr'><strong>ascensum</strong></span> <span class='ocrx_word' id='word_1_53' title='bbox 1256 624 1381 680; x_wconf 66' lang='lat' dir='ltr'><strong>&#39;aquae</strong></span> <span class='ocrx_word' id='word_1_54' title='bbox 1411 626 1638 667; x_wconf 89' lang='lat' dir='ltr'><strong>maximum</strong></span> <span class='ocrx_word' id='word_1_55' title='bbox 1666 640 1916 683; x_wconf 81' lang='lat' dir='ltr'><strong>quoeramuS,</strong></span> 
     </span>
     <span class='ocr_line' id='line_1_7' title="bbox 229 695 1919 755; baseline 0.001 -17"><span class='ocrx_word' id='word_1_56' title='bbox 229 697 468 752; x_wconf 90' lang='lat' dir='ltr'><strong>ponendum</strong></span> <span class='ocrx_word' id='word_1_57' title='bbox 488 706 549 740; x_wconf 89' lang='lat' dir='ltr'><strong>est</strong></span> <span class='ocrx_word' id='word_1_58' title='bbox 570 698 709 740; x_wconf 88' lang='lat' dir='ltr'><strong>Solem</strong></span> <span class='ocrx_word' id='word_1_59' title='bbox 730 698 774 738; x_wconf 92' lang='lat' dir='ltr'><strong>in</strong></span> <span class='ocrx_word' id='word_1_60' title='bbox 794 696 946 738; x_wconf 91' lang='lat' dir='ltr'><strong>circulo</strong></span> <span class='ocrx_word' id='word_1_61' title='bbox 966 695 1239 751; x_wconf 70' lang='lat' dir='ltr'><strong>aequinoctiali</strong></span> <span class='ocrx_word' id='word_1_62' title='bbox 1259 695 1424 746; x_wconf 86' lang='lat' dir='ltr'><strong>versari,</strong></span> <span class='ocrx_word' id='word_1_63' title='bbox 1448 695 1706 755; x_wconf 86' lang='lat' dir='ltr'><strong>figuramque</strong></span> <span class='ocrx_word' id='word_1_64' title='bbox 1726 698 1768 740; x_wconf 91' lang='lat' dir='ltr'>A</span> <span class='ocrx_word' id='word_1_65' title='bbox 1789 697 1827 742; x_wconf 91' lang='lat' dir='ltr'>B</span> <span class='ocrx_word' id='word_1_66' title='bbox 1847 713 1872 740; x_wconf 86' lang='lat' dir='ltr'><strong>a</strong></span> <span class='ocrx_word' id='word_1_67' title='bbox 1890 698 1919 740; x_wconf 90' lang='lat' dir='ltr'>b</span> 
     </span>
     <span class='ocr_line' id='line_1_8' title="bbox 227 757 1575 824; baseline 0.001 -16"><span class='ocrx_word' id='word_1_68' title='bbox 227 767 271 808; x_wconf 92' lang='lat' dir='ltr'><strong>in</strong></span> <span class='ocrx_word' id='word_1_69' title='bbox 300 767 380 809; x_wconf 92' lang='lat' dir='ltr'><strong>hoc</strong></span> <span class='ocrx_word' id='word_1_70' title='bbox 409 769 533 824; x_wconf 84' lang='lat' dir='ltr'><strong>plano</strong></span> <span class='ocrx_word' id='word_1_71' title='bbox 565 757 767 818; x_wconf 85' lang='lat' dir='ltr'><strong>constitui,</strong></span> <span class='ocrx_word' id='word_1_72' title='bbox 801 778 843 809; x_wconf 89' lang='lat' dir='ltr'><strong>et</strong></span> <span class='ocrx_word' id='word_1_73' title='bbox 876 766 1064 824; x_wconf 86' lang='lat' dir='ltr'><strong>augenda</strong></span> <span class='ocrx_word' id='word_1_74' title='bbox 1095 774 1157 807; x_wconf 90' lang='lat' dir='ltr'><strong>est</strong></span> <span class='ocrx_word' id='word_1_75' title='bbox 1185 766 1246 807; x_wconf 87' lang='lat' dir='ltr'><strong>vis</strong></span> <span class='ocrx_word' id='word_1_76' title='bbox 1277 766 1318 808; x_wconf 89' lang='lat' dir='ltr'>V</span> <span class='ocrx_word' id='word_1_77' title='bbox 1349 767 1392 807; x_wconf 89' lang='lat' dir='ltr'><strong>in</strong></span> <span class='ocrx_word' id='word_1_78' title='bbox 1417 766 1575 809; x_wconf 86' lang='lat' dir='ltr'><strong>ratione</strong></span> 
     </span>
     <span class='ocr_line' id='line_1_9' title="bbox 227 839 1571 882; baseline -0.001 0"><span class='ocrx_word' id='word_1_79' title='bbox 227 840 534 882; x_wconf 82' lang='lat' dir='ltr'><strong>semi-diametri</strong></span> <span class='ocrx_word' id='word_1_80' title='bbox 562 840 777 882; x_wconf 89' lang='lat' dir='ltr'><strong>mediocris</strong></span> <span class='ocrx_word' id='word_1_81' title='bbox 805 839 858 880; x_wconf 88' lang='lat' dir='ltr'><strong>ad</strong></span> <span class='ocrx_word' id='word_1_82' title='bbox 885 839 1251 882; x_wconf 90' lang='lat' dir='ltr'><strong>semi-diametrum</strong></span> <span class='ocrx_word' id='word_1_83' title='bbox 1273 839 1417 881; x_wconf 83' lang='lat' dir='ltr'><strong>Terrae</strong></span> <span class='ocrx_word' id='word_1_84' title='bbox 1440 841 1571 882; x_wconf 83' lang='lat' dir='ltr'><strong>maxi-</strong></span> 
     </span>
     <span class='ocr_line' id='line_1_10' title="bbox 225 910 1571 967; baseline 0 -15"><span class='ocrx_word' id='word_1_85' title='bbox 225 925 352 962; x_wconf 87' lang='lat' dir='ltr'><strong>mum,</strong></span> <span class='ocrx_word' id='word_1_86' title='bbox 385 920 425 954; x_wconf 88' lang='lat' dir='ltr'><strong>et</strong></span> <span class='ocrx_word' id='word_1_87' title='bbox 453 911 674 953; x_wconf 89' lang='lat' dir='ltr'><strong>minuenda</strong></span> <span class='ocrx_word' id='word_1_88' title='bbox 697 918 758 952; x_wconf 90' lang='lat' dir='ltr'><strong>est</strong></span> <span class='ocrx_word' id='word_1_89' title='bbox 780 910 841 952; x_wconf 89' lang='lat' dir='ltr'><strong>vis</strong></span> <span class='ocrx_word' id='word_1_90' title='bbox 862 910 906 952; x_wconf 90' lang='lat' dir='ltr'>G</span> <span class='ocrx_word' id='word_1_91' title='bbox 923 910 1056 952; x_wconf 84' lang='lat' dir='ltr'><strong>donec</strong></span> <span class='ocrx_word' id='word_1_92' title='bbox 1075 910 1220 951; x_wconf 88' lang='lat' dir='ltr'><strong>evadat</strong></span> <span class='ocrx_word' id='word_1_93' title='bbox 1240 910 1408 966; x_wconf 84' lang='lat' dir='ltr'><strong>aequalis</strong></span> <span class='ocrx_word' id='word_1_94' title='bbox 1436 911 1571 967; x_wconf 87' lang='lat' dir='ltr'><strong>gravi-</strong></span> 
     </span>
     <span class='ocr_line' id='line_1_11' title="bbox 226 980 1570 1037; baseline 0.001 -15"><span class='ocrx_word' id='word_1_95' title='bbox 226 982 299 1022; x_wconf 87' lang='lat' dir='ltr'><strong>tati</strong></span> <span class='ocrx_word' id='word_1_96' title='bbox 330 982 405 1023; x_wconf 90' lang='lat' dir='ltr'><strong>sub</strong></span> <span class='ocrx_word' id='word_1_97' title='bbox 432 989 664 1037; x_wconf 87' lang='lat' dir='ltr'><strong>aequatore:</strong></span> <span class='ocrx_word' id='word_1_98' title='bbox 696 981 723 1023; x_wconf 90' lang='lat' dir='ltr'><strong>i.</strong></span> <span class='ocrx_word' id='word_1_99' title='bbox 745 996 780 1022; x_wconf 90' lang='lat' dir='ltr'><strong>e.</strong></span> <span class='ocrx_word' id='word_1_100' title='bbox 810 980 843 1021; x_wconf 82' lang='lat' dir='ltr'><strong>si</strong></span> <span class='ocrx_word' id='word_1_101' title='bbox 871 980 1047 1037; x_wconf 86' lang='lat' dir='ltr'><strong>figuram</strong></span> <span class='ocrx_word' id='word_1_102' title='bbox 1077 980 1222 1022; x_wconf 88' lang='lat' dir='ltr'><strong>Terrae</strong></span> <span class='ocrx_word' id='word_1_103' title='bbox 1248 996 1339 1022; x_wconf 89' lang='lat' dir='ltr'><strong>eam</strong></span> <span class='ocrx_word' id='word_1_104' title='bbox 1363 996 1450 1023; x_wconf 87' lang='lat' dir='ltr'><strong>esse</strong></span> <span class='ocrx_word' id='word_1_105' title='bbox 1474 996 1570 1037; x_wconf 91' lang='lat' dir='ltr'><strong>sup-</strong></span> 
     </span>
     <span class='ocr_line' id='line_1_12' title="bbox 225 1047 1573 1107; baseline 0.003 -16"><span class='ocrx_word' id='word_1_106' title='bbox 225 1065 425 1105; x_wconf 86' lang='lat' dir='ltr'>ponamus</span> <span class='ocrx_word' id='word_1_107' title='bbox 455 1047 578 1107; x_wconf 86' lang='lat' dir='ltr'><strong>quam</strong></span> <span class='ocrx_word' id='word_1_108' title='bbox 606 1050 790 1092; x_wconf 89' lang='lat' dir='ltr'><strong>definivit</strong></span> <span class='ocrx_word' id='word_1_109' title='bbox 819 1049 1057 1101; x_wconf 81' lang='lat' dir='ltr'><strong>Newtonus,</strong></span> <span class='ocrx_word' id='word_1_110' title='bbox 1089 1050 1277 1107; x_wconf 87' lang='lat' dir='ltr'><strong>augenda</strong></span> <span class='ocrx_word' id='word_1_111' title='bbox 1297 1051 1372 1092; x_wconf 89' lang='lat' dir='ltr'><strong>erit</strong></span> <span class='ocrx_word' id='word_1_112' title='bbox 1391 1052 1450 1093; x_wconf 89' lang='lat' dir='ltr'><strong>vis</strong></span> <span class='ocrx_word' id='word_1_113' title='bbox 1470 1052 1511 1094; x_wconf 92' lang='lat' dir='ltr'>V</span> <span class='ocrx_word' id='word_1_114' title='bbox 1529 1052 1573 1095; x_wconf 88' lang='lat' dir='ltr'><strong>in</strong></span> 
     </span>
     <span class='ocr_line' id='line_1_13' title="bbox 225 1122 1573 1174; baseline 0.003 -11"><span class='ocrx_word' id='word_1_115' title='bbox 225 1123 383 1164; x_wconf 88' lang='lat' dir='ltr'><strong>ratione</strong></span> <span class='ocrx_word' id='word_1_116' title='bbox 416 1129 498 1165; x_wconf 82' lang='lat'><strong>459</strong></span> <span class='ocrx_word' id='word_1_117' title='bbox 533 1123 586 1164; x_wconf 90' lang='lat' dir='ltr'><strong>ad</strong></span> <span class='ocrx_word' id='word_1_118' title='bbox 617 1128 715 1174; x_wconf 80' lang='lat'>460,</span> <span class='ocrx_word' id='word_1_119' title='bbox 748 1130 790 1163; x_wconf 90' lang='lat' dir='ltr'><strong>et</strong></span> <span class='ocrx_word' id='word_1_120' title='bbox 818 1122 1041 1163; x_wconf 89' lang='lat' dir='ltr'><strong>minuenda</strong></span> <span class='ocrx_word' id='word_1_121' title='bbox 1071 1131 1133 1164; x_wconf 90' lang='lat' dir='ltr'><strong>est</strong></span> <span class='ocrx_word' id='word_1_122' title='bbox 1165 1123 1207 1164; x_wconf 89' lang='lat' dir='ltr'>G</span> <span class='ocrx_word' id='word_1_123' title='bbox 1240 1123 1284 1164; x_wconf 91' lang='lat' dir='ltr'><strong>in</strong></span> <span class='ocrx_word' id='word_1_124' title='bbox 1316 1124 1458 1166; x_wconf 86' lang='lat' dir='ltr'><strong>eadem</strong></span> <span class='ocrx_word' id='word_1_125' title='bbox 1488 1124 1573 1168; x_wconf 73' lang='lat' dir='ltr'><strong>fere</strong></span> 
     </span>
     <span class='ocr_line' id='line_1_14' title="bbox 225 1193 1574 1250; baseline 0.003 -16"><span class='ocrx_word' id='word_1_126' title='bbox 225 1194 395 1244; x_wconf 84' lang='lat' dir='ltr'><strong>ratione,</strong></span> <span class='ocrx_word' id='word_1_127' title='bbox 428 1194 621 1250; x_wconf 89' lang='lat' dir='ltr'><strong>quoniam</strong></span> <span class='ocrx_word' id='word_1_128' title='bbox 650 1194 754 1235; x_wconf 89' lang='lat' dir='ltr'><strong>vires</strong></span> <span class='ocrx_word' id='word_1_129' title='bbox 783 1193 991 1250; x_wconf 85' lang='lat' dir='ltr'><strong>gravitatis</strong></span> <span class='ocrx_word' id='word_1_130' title='bbox 1017 1194 1060 1234; x_wconf 91' lang='lat' dir='ltr'><strong>in</strong></span> <span class='ocrx_word' id='word_1_131' title='bbox 1080 1194 1294 1249; x_wconf 87' lang='lat' dir='ltr'><strong>superficie</strong></span> <span class='ocrx_word' id='word_1_132' title='bbox 1314 1195 1459 1237; x_wconf 90' lang='lat' dir='ltr'><strong>Terrae</strong></span> <span class='ocrx_word' id='word_1_133' title='bbox 1479 1205 1574 1239; x_wconf 87' lang='lat' dir='ltr'><strong>sunt</strong></span> 
     </span>
     <span class='ocr_line' id='line_1_15' title="bbox 224 1263 1575 1321; baseline 0.004 -16"><span class='ocrx_word' id='word_1_134' title='bbox 224 1263 384 1305; x_wconf 74' lang='lat' dir='ltr'><strong>inverse</strong></span> <span class='ocrx_word' id='word_1_135' title='bbox 404 1272 450 1305; x_wconf 90' lang='lat' dir='ltr'><strong>ut</strong></span> <span class='ocrx_word' id='word_1_136' title='bbox 470 1264 672 1306; x_wconf 87' lang='lat' dir='ltr'><strong>distantiae</strong></span> <span class='ocrx_word' id='word_1_137' title='bbox 690 1264 875 1305; x_wconf 90' lang='lat' dir='ltr'><strong>locorum</strong></span> <span class='ocrx_word' id='word_1_138' title='bbox 894 1279 919 1305; x_wconf 90' lang='lat' dir='ltr'><strong>a</strong></span> <span class='ocrx_word' id='word_1_139' title='bbox 938 1271 1103 1314; x_wconf 89' lang='lat' dir='ltr'><strong>centro;</strong></span> <span class='ocrx_word' id='word_1_140' title='bbox 1135 1263 1309 1321; x_wconf 71' lang='lat' dir='ltr'><strong>cumque</strong></span> <span class='ocrx_word' id='word_1_141' title='bbox 1328 1266 1519 1309; x_wconf 85' lang='lat' dir='ltr'><strong>distantia</strong></span> <span class='ocrx_word' id='word_1_142' title='bbox 1546 1268 1575 1310; x_wconf 89' lang='lat' dir='ltr'><strong>d</strong></span> 
     </span>
    </p>
   </div>
   <div class='ocr_carea' id='block_1_3' title="bbox 1651 822 1914 1359">
    <p class='ocr_par' dir='ltr' id='par_1_4' title="bbox 1651 822 1914 1359">
     <span class='ocr_line' id='line_1_16' title="bbox 1651 822 1914 1359; baseline 0 2111"><span class='ocrx_word' id='word_1_143' title='bbox 1651 822 1914 1359; x_wconf 95' lang='lat' dir='ltr'><strong> </strong></span> 
     </span>
    </p>
   </div>
   <div class='ocr_carea' id='block_1_4' title="bbox 226 1335 1921 2303">
    <p class='ocr_par' dir='ltr' id='par_1_5' title="bbox 226 1335 1921 2303">
     <span class='ocr_line' id='line_1_17' title="bbox 226 1335 1574 1393; baseline 0.002 -16"><span class='ocrx_word' id='word_1_144' title='bbox 226 1336 278 1377; x_wconf 90' lang='lat' dir='ltr'><strong>sit</strong></span> <span class='ocrx_word' id='word_1_145' title='bbox 297 1335 486 1393; x_wconf 87' lang='lat' dir='ltr'><strong>augenda</strong></span> <span class='ocrx_word' id='word_1_146' title='bbox 508 1337 551 1377; x_wconf 94' lang='lat' dir='ltr'><strong>in</strong></span> <span class='ocrx_word' id='word_1_147' title='bbox 571 1335 715 1377; x_wconf 63' lang='lat' dir='ltr'><strong>eadem</strong></span> <span class='ocrx_word' id='word_1_148' title='bbox 735 1335 905 1385; x_wconf 85' lang='lat' dir='ltr'><strong>ratione,</strong></span> <span class='ocrx_word' id='word_1_149' title='bbox 928 1335 1005 1376; x_wconf 89' lang='lat' dir='ltr'><strong>erit</strong></span> <span class='ocrx_word' id='word_1_150' title='bbox 1023 1350 1215 1377; x_wconf 88' lang='lat' dir='ltr'><strong>ascensus</strong></span> <span class='ocrx_word' id='word_1_151' title='bbox 1236 1351 1354 1392; x_wconf 82' lang='lat' dir='ltr'><strong>aquae</strong></span> <span class='ocrx_word' id='word_1_152' title='bbox 1373 1337 1416 1377; x_wconf 89' lang='lat' dir='ltr'><strong>in</strong></span> <span class='ocrx_word' id='word_1_153' title='bbox 1435 1352 1574 1393; x_wconf 86' lang='lat' dir='ltr'><strong>aequa-</strong></span> 
     </span>
     <span class='ocr_line' id='line_1_18' title="bbox 226 1406 1580 1465; baseline -0.001 -15"><span class='ocrx_word' id='word_1_154' title='bbox 226 1416 316 1451; x_wconf 91' lang='lat' dir='ltr'><strong>tore</strong></span> <span class='ocrx_word' id='word_1_155' title='bbox 336 1407 547 1465; x_wconf 86' lang='lat' dir='ltr'><strong>augendus</strong></span> <span class='ocrx_word' id='word_1_156' title='bbox 573 1407 616 1448; x_wconf 89' lang='lat' dir='ltr'><strong>in</strong></span> <span class='ocrx_word' id='word_1_157' title='bbox 636 1407 794 1448; x_wconf 85' lang='lat' dir='ltr'><strong>ratione</strong></span> <span class='ocrx_word' id='word_1_158' title='bbox 813 1407 1016 1461; x_wconf 87' lang='lat' dir='ltr'><strong>triplicata</strong></span> <span class='ocrx_word' id='word_1_159' title='bbox 1035 1406 1343 1448; x_wconf 87' lang='lat' dir='ltr'><strong>semi-diametri</strong></span> <span class='ocrx_word' id='word_1_160' title='bbox 1363 1408 1580 1450; x_wconf 85' lang='lat' dir='ltr'><strong>mediocris</strong></span> 
     </span>
     <span class='ocr_line' id='line_1_19' title="bbox 227 1478 1912 1535; baseline 0.003 -14"><span class='ocrx_word' id='word_1_161' title='bbox 227 1479 281 1521; x_wconf 83' lang='lat' dir='ltr'><strong>ad</strong></span> <span class='ocrx_word' id='word_1_162' title='bbox 309 1480 544 1529; x_wconf 81' lang='lat' dir='ltr'><strong>maximam,</strong></span> <span class='ocrx_word' id='word_1_163' title='bbox 605 1478 790 1534; x_wconf 69' lang='lat' dir='ltr'><strong>adeoque</strong></span> <span class='ocrx_word' id='word_1_164' title='bbox 809 1478 886 1519; x_wconf 91' lang='lat' dir='ltr'><strong>erit</strong></span> <span class='ocrx_word' id='word_1_165' title='bbox 904 1478 1020 1533; x_wconf 90' lang='lat' dir='ltr'><strong>pedis</strong></span> <span class='ocrx_word' id='word_1_166' title='bbox 1050 1479 1184 1529; x_wconf 89' lang='lat' dir='ltr'><strong>unius,</strong></span> <span class='ocrx_word' id='word_1_167' title='bbox 1217 1478 1439 1535; x_wconf 88' lang='lat' dir='ltr'><strong>digitorum</strong></span> <span class='ocrx_word' id='word_1_168' title='bbox 1468 1481 1659 1524; x_wconf 88' lang='lat' dir='ltr'><strong>undecim</strong></span> <span class='ocrx_word' id='word_1_169' title='bbox 1687 1497 1782 1524; x_wconf 92' lang='lat' dir='ltr'><strong>cum</strong></span> <span class='ocrx_word' id='word_1_170' title='bbox 1812 1488 1912 1526; x_wconf 78' lang='lat'><strong>60&#39;¹¹⁸</strong></span> 
     </span>
     <span class='ocr_line' id='line_1_20' title="bbox 227 1551 1921 1612; baseline 0.004 -20"><span class='ocrx_word' id='word_1_171' title='bbox 227 1552 387 1593; x_wconf 87' lang='lat' dir='ltr'><strong>circiter</strong></span> <span class='ocrx_word' id='word_1_172' title='bbox 415 1558 533 1606; x_wconf 89' lang='lat' dir='ltr'><strong>parte</strong></span> <span class='ocrx_word' id='word_1_173' title='bbox 552 1551 682 1608; x_wconf 82' lang='lat' dir='ltr'><strong>digiti.</strong></span> <span class='ocrx_word' id='word_1_174' title='bbox 742 1551 875 1592; x_wconf 87' lang='lat' dir='ltr'><strong>Terra</strong></span> <span class='ocrx_word' id='word_1_175' title='bbox 895 1559 1032 1593; x_wconf 84' lang='lat' dir='ltr'><strong>autem</strong></span> <span class='ocrx_word' id='word_1_176' title='bbox 1062 1551 1181 1592; x_wconf 88' lang='lat' dir='ltr'><strong>altior</strong></span> <span class='ocrx_word' id='word_1_177' title='bbox 1201 1559 1263 1593; x_wconf 91' lang='lat' dir='ltr'><strong>est</strong></span> <span class='ocrx_word' id='word_1_178' title='bbox 1291 1552 1367 1593; x_wconf 88' lang='lat' dir='ltr'><strong>sub</strong></span> <span class='ocrx_word' id='word_1_179' title='bbox 1387 1562 1593 1608; x_wconf 87' lang='lat' dir='ltr'><strong>aequatore</strong></span> <span class='ocrx_word' id='word_1_180' title='bbox 1614 1555 1737 1612; x_wconf 71' lang='lat' dir='ltr'><strong>quam</strong></span> <span class='ocrx_word' id='word_1_181' title='bbox 1764 1557 1921 1612; x_wconf 89' lang='lat' dir='ltr'><strong>prodiit</strong></span> 
     </span>
     <span class='ocr_line' id='line_1_21' title="bbox 227 1620 1920 1682; baseline 0.004 -19"><span class='ocrx_word' id='word_1_182' title='bbox 227 1621 384 1663; x_wconf 85' lang='lat' dir='ltr'><strong>calculo</strong></span> <span class='ocrx_word' id='word_1_183' title='bbox 398 1621 668 1662; x_wconf 91' lang='lat' dir='ltr'><strong>Newtoniano</strong></span> <span class='ocrx_word' id='word_1_184' title='bbox 681 1636 734 1662; x_wconf 86' lang='lat' dir='ltr'><strong>ex</strong></span> <span class='ocrx_word' id='word_1_185' title='bbox 751 1620 970 1677; x_wconf 89' lang='lat' dir='ltr'><strong>hypothesi</strong></span> <span class='ocrx_word' id='word_1_186' title='bbox 990 1620 1104 1677; x_wconf 70' lang='lat' dir='ltr'><strong>quod</strong></span> <span class='ocrx_word' id='word_1_187' title='bbox 1119 1622 1252 1663; x_wconf 89' lang='lat' dir='ltr'><strong>Terra</strong></span> <span class='ocrx_word' id='word_1_188' title='bbox 1264 1622 1315 1663; x_wconf 89' lang='lat' dir='ltr'><strong>sit</strong></span> <span class='ocrx_word' id='word_1_189' title='bbox 1328 1623 1582 1666; x_wconf 85' lang='lat' dir='ltr'><strong>uniformiter</strong></span> <span class='ocrx_word' id='word_1_190' title='bbox 1596 1625 1723 1668; x_wconf 83' lang='lat' dir='ltr'><strong>densa</strong></span> <span class='ocrx_word' id='word_1_191' title='bbox 1737 1642 1762 1668; x_wconf 88' lang='lat' dir='ltr'><strong>a</strong></span> <span class='ocrx_word' id='word_1_192' title='bbox 1777 1642 1920 1682; x_wconf 83' lang='lat' dir='ltr'><strong>super-</strong></span> 
     </span>
     <span class='ocr_line' id='line_1_22' title="bbox 227 1693 1919 1750; baseline 0.004 -15"><span class='ocrx_word' id='word_1_193' title='bbox 227 1693 319 1735; x_wconf 89' lang='lat' dir='ltr'><strong>ficie</strong></span> <span class='ocrx_word' id='word_1_194' title='bbox 339 1708 469 1749; x_wconf 91' lang='lat' dir='ltr'><strong>usque</strong></span> <span class='ocrx_word' id='word_1_195' title='bbox 489 1693 542 1734; x_wconf 92' lang='lat' dir='ltr'><strong>ad</strong></span> <span class='ocrx_word' id='word_1_196' title='bbox 562 1701 768 1742; x_wconf 83' lang='lat' dir='ltr'><strong>centrum3</strong></span> <span class='ocrx_word' id='word_1_197' title='bbox 798 1701 844 1734; x_wconf 90' lang='lat' dir='ltr'><strong>ut</strong></span> <span class='ocrx_word' id='word_1_198' title='bbox 866 1693 1071 1748; x_wconf 84' lang='lat' dir='ltr'><strong>colligitur</strong></span> <span class='ocrx_word' id='word_1_199' title='bbox 1099 1709 1153 1736; x_wconf 85' lang='lat' dir='ltr'><strong>ex</strong></span> <span class='ocrx_word' id='word_1_200' title='bbox 1181 1695 1302 1736; x_wconf 89' lang='lat' dir='ltr'><strong>variis</strong></span> <span class='ocrx_word' id='word_1_201' title='bbox 1329 1696 1603 1750; x_wconf 89' lang='lat' dir='ltr'><strong>pendulorum</strong></span> <span class='ocrx_word' id='word_1_202' title='bbox 1623 1698 1919 1741; x_wconf 89' lang='lat' dir='ltr'><strong>observationi-</strong></span> 
     </span>
     <span class='ocr_line' id='line_1_23' title="bbox 226 1765 1919 1825; baseline 0.005 -20"><span class='ocrx_word' id='word_1_203' title='bbox 226 1765 318 1815; x_wconf 91' lang='lat' dir='ltr'><strong>bus,</strong></span> <span class='ocrx_word' id='word_1_204' title='bbox 360 1773 401 1806; x_wconf 88' lang='lat' dir='ltr'><strong>et</strong></span> <span class='ocrx_word' id='word_1_205' title='bbox 438 1765 666 1819; x_wconf 86' lang='lat' dir='ltr'><strong>praesertim</strong></span> <span class='ocrx_word' id='word_1_206' title='bbox 695 1780 748 1806; x_wconf 86' lang='lat' dir='ltr'><strong>ex</strong></span> <span class='ocrx_word' id='word_1_207' title='bbox 780 1765 971 1807; x_wconf 67' lang='lat' dir='ltr'><strong>mensura</strong></span> <span class='ocrx_word' id='word_1_208' title='bbox 1004 1765 1156 1823; x_wconf 67' lang='lat' dir='ltr'><strong>gradus</strong></span> <span class='ocrx_word' id='word_1_209' title='bbox 1186 1767 1400 1809; x_wconf 83' lang='lat' dir='ltr'><strong>meridiani</strong></span> <span class='ocrx_word' id='word_1_210' title='bbox 1430 1784 1552 1825; x_wconf 82' lang='lat' dir='ltr'><strong>quarn</strong></span> <span class='ocrx_word' id='word_1_211' title='bbox 1590 1771 1667 1812; x_wconf 87' lang='lat' dir='ltr'><strong>viri</strong></span> <span class='ocrx_word' id='word_1_212' title='bbox 1706 1772 1919 1814; x_wconf 84' lang='lat' dir='ltr'><strong>clarissimi</strong></span> 
     </span>
     <span class='ocr_line' id='line_1_24' title="bbox 228 1835 1405 1892; baseline 0.002 -15"><span class='ocrx_word' id='word_1_213' title='bbox 228 1850 361 1890; x_wconf 88' lang='lat' dir='ltr'><strong>nuper</strong></span> <span class='ocrx_word' id='word_1_214' title='bbox 380 1835 653 1877; x_wconf 89' lang='lat' dir='ltr'><strong>definiverunt</strong></span> <span class='ocrx_word' id='word_1_215' title='bbox 673 1835 972 1877; x_wconf 76' lang='lat' dir='ltr'><strong>accuratissime</strong></span> <span class='ocrx_word' id='word_1_216' title='bbox 993 1837 1069 1878; x_wconf 90' lang='lat' dir='ltr'><strong>sub</strong></span> <span class='ocrx_word' id='word_1_217' title='bbox 1089 1837 1242 1878; x_wconf 86' lang='lat' dir='ltr'><strong>circulo</strong></span> <span class='ocrx_word' id='word_1_218' title='bbox 1260 1838 1405 1892; x_wconf 90' lang='lat' dir='ltr'><strong>polari.</strong></span> 
     </span>
     <span class='ocr_line' id='line_1_25' title="bbox 283 1906 1919 1969; baseline 0.002 -18"><span class='ocrx_word' id='word_1_219' title='bbox 283 1908 409 1951; x_wconf 67' lang='lat' dir='ltr'><strong>schol.</strong></span> <span class='ocrx_word' id='word_1_220' title='bbox 435 1911 472 1947; x_wconf 88' lang='lat'><strong>1.</strong></span> <span class='ocrx_word' id='word_1_221' title='bbox 505 1906 550 1948; x_wconf 89' lang='lat' dir='ltr'><strong>Si</strong></span> <span class='ocrx_word' id='word_1_222' title='bbox 576 1907 818 1962; x_wconf 87' lang='lat' dir='ltr'><strong>gravitatem</strong></span> <span class='ocrx_word' id='word_1_223' title='bbox 846 1907 1124 1961; x_wconf 89' lang='lat' dir='ltr'><strong>posuissemus</strong></span> <span class='ocrx_word' id='word_1_224' title='bbox 1153 1908 1351 1963; x_wconf 83' lang='lat' dir='ltr'><strong>aequalem</strong></span> <span class='ocrx_word' id='word_1_225' title='bbox 1379 1909 1423 1950; x_wconf 92' lang='lat' dir='ltr'><strong>in</strong></span> <span class='ocrx_word' id='word_1_226' title='bbox 1452 1909 1493 1950; x_wconf 93' lang='lat' dir='ltr'>A</span> <span class='ocrx_word' id='word_1_227' title='bbox 1513 1917 1555 1951; x_wconf 89' lang='lat' dir='ltr'><strong>et</strong></span> <span class='ocrx_word' id='word_1_228' title='bbox 1585 1909 1635 1962; x_wconf 93' lang='lat' dir='ltr'><strong>B,</strong></span> <span class='ocrx_word' id='word_1_229' title='bbox 1666 1920 1708 1954; x_wconf 91' lang='lat' dir='ltr'><strong>et</strong></span> <span class='ocrx_word' id='word_1_230' title='bbox 1729 1913 1919 1969; x_wconf 80' lang='lat' dir='ltr'><strong>ejusdem</strong></span> 
     </span>
     <span class='ocr_line' id='line_1_26' title="bbox 1703 1983 1835 2024; baseline 0 0"><span class='ocrx_word' id='word_1_231' title='bbox 1703 1989 1727 2024; x_wconf 81' lang='lat'><strong>3</strong></span> <span class='ocrx_word' id='word_1_232' title='bbox 1750 1983 1791 2024; x_wconf 92' lang='lat' dir='ltr'>V</span> <span class='ocrx_word' id='word_1_233' title='bbox 1809 1985 1835 2024; x_wconf 86' lang='lat' dir='ltr'><strong>d</strong></span> 
     </span>
     <span class='ocr_line' id='line_1_27' title="bbox 1729 2050 1820 2092; baseline 0.022 -2"><span class='ocrx_word' id='word_1_234' title='bbox 1729 2055 1755 2090; x_wconf 99' lang='grc'><em>2</em></span> <span class='ocrx_word' id='word_1_235' title='bbox 1777 2050 1820 2092; x_wconf 84' lang='lat' dir='ltr'>G</span> 
     </span>
     <span class='ocr_line' id='line_1_28' title="bbox 229 2116 1919 2174; baseline 0.001 -14"><span class='ocrx_word' id='word_1_236' title='bbox 229 2132 417 2160; x_wconf 86' lang='lat' dir='ltr'><strong>ascensus</strong></span> <span class='ocrx_word' id='word_1_237' title='bbox 447 2131 564 2173; x_wconf 88' lang='lat' dir='ltr'><strong>aquae</strong></span> <span class='ocrx_word' id='word_1_238' title='bbox 595 2120 684 2173; x_wconf 91' lang='lat' dir='ltr'><strong>(seu</strong></span> <span class='ocrx_word' id='word_1_239' title='bbox 704 2121 730 2157; x_wconf 88' lang='grc'><em>2</em></span> <span class='ocrx_word' id='word_1_240' title='bbox 750 2116 796 2168; x_wconf 82' lang='lat' dir='ltr'><strong>x)</strong></span> <span class='ocrx_word' id='word_1_241' title='bbox 827 2116 944 2171; x_wconf 89' lang='lat' dir='ltr'><strong>pedis</strong></span> <span class='ocrx_word' id='word_1_242' title='bbox 975 2117 1108 2168; x_wconf 89' lang='lat' dir='ltr'><strong>unius,</strong></span> <span class='ocrx_word' id='word_1_243' title='bbox 1141 2117 1363 2174; x_wconf 88' lang='lat' dir='ltr'><strong>digitorum</strong></span> <span class='ocrx_word' id='word_1_244' title='bbox 1393 2133 1466 2159; x_wconf 86' lang='lat' dir='ltr'><strong>sex</strong></span> <span class='ocrx_word' id='word_1_245' title='bbox 1491 2133 1584 2160; x_wconf 91' lang='lat' dir='ltr'><strong>cum</strong></span> <span class='ocrx_word' id='word_1_246' title='bbox 1613 2118 1730 2160; x_wconf 69' lang='lat' dir='ltr'><strong>tertia</strong></span> <span class='ocrx_word' id='word_1_247' title='bbox 1758 2119 1919 2163; x_wconf 88' lang='lat' dir='ltr'><strong>circiter</strong></span> 
     </span>
     <span class='ocr_line' id='line_1_29' title="bbox 228 2188 1919 2245; baseline 0.002 -14"><span class='ocrx_word' id='word_1_248' title='bbox 228 2197 344 2244; x_wconf 87' lang='lat' dir='ltr'><strong>parte</strong></span> <span class='ocrx_word' id='word_1_249' title='bbox 364 2189 492 2245; x_wconf 88' lang='lat' dir='ltr'><strong>digiti.</strong></span> <span class='ocrx_word' id='word_1_250' title='bbox 553 2189 721 2244; x_wconf 82' lang='lat' dir='ltr'><strong>Quippe</strong></span> <span class='ocrx_word' id='word_1_251' title='bbox 739 2189 783 2229; x_wconf 87' lang='lat' dir='ltr'><strong>in</strong></span> <span class='ocrx_word' id='word_1_252' title='bbox 802 2188 881 2230; x_wconf 66' lang='lat' dir='ltr'><strong>hac</strong></span> <span class='ocrx_word' id='word_1_253' title='bbox 901 2188 1119 2245; x_wconf 89' lang='lat' dir='ltr'><strong>hypothesi</strong></span> <span class='ocrx_word' id='word_1_254' title='bbox 1137 2189 1356 2245; x_wconf 81' lang='lat' dir='ltr'><strong>prodiisset</strong></span> <span class='ocrx_word' id='word_1_255' title='bbox 1377 2190 1413 2232; x_wconf 92' lang='lat' dir='ltr'>C</span> <span class='ocrx_word' id='word_1_256' title='bbox 1427 2191 1468 2232; x_wconf 93' lang='lat' dir='ltr'>A</span> <span class='ocrx_word' id='word_1_257' title='bbox 1488 2190 1541 2232; x_wconf 91' lang='lat' dir='ltr'><strong>ad</strong></span> <span class='ocrx_word' id='word_1_258' title='bbox 1563 2191 1599 2232; x_wconf 91' lang='lat' dir='ltr'>C</span> <span class='ocrx_word' id='word_1_259' title='bbox 1614 2191 1664 2242; x_wconf 90' lang='lat' dir='ltr'><strong>B,</strong></span> <span class='ocrx_word' id='word_1_260' title='bbox 1686 2199 1736 2233; x_wconf 84' lang='lat' dir='ltr'><strong>ut</strong></span> <span class='ocrx_word' id='word_1_261' title='bbox 1752 2192 1796 2234; x_wconf 90' lang='lat' dir='ltr'>G</span> <span class='ocrx_word' id='word_1_262' title='bbox 1814 2198 1857 2242; x_wconf 87' lang='grc' dir='ltr'><strong>-Ι-</strong></span> <span class='ocrx_word' id='word_1_263' title='bbox 1876 2193 1919 2235; x_wconf 93' lang='lat' dir='ltr'><strong>V</strong></span> 
     </span>
     <span class='ocr_line' id='line_1_30' title="bbox 1033 2261 1121 2303; baseline -0.011 0"><span class='ocrx_word' id='word_1_264' title='bbox 1033 2267 1057 2303; x_wconf 83' lang='lat'>3</span> <span class='ocrx_word' id='word_1_265' title='bbox 1080 2261 1121 2302; x_wconf 90' lang='lat' dir='ltr'>V</span> 
     </span>
    </p>
   </div>
   <div class='ocr_carea' id='block_1_5' title="bbox 231 2285 1918 2369">
    <p class='ocr_par' dir='ltr' id='par_1_6' title="bbox 231 2285 1918 2369">
     <span class='ocr_line' id='line_1_31' title="bbox 231 2285 1918 2369; baseline 0.001 -40"><span class='ocrx_word' id='word_1_266' title='bbox 231 2286 282 2329; x_wconf 73' lang='lat' dir='ltr'><strong>ad</strong></span> <span class='ocrx_word' id='word_1_267' title='bbox 304 2287 347 2329; x_wconf 89' lang='lat' dir='ltr'><strong>G</strong></span> <span class='ocrx_word' id='word_1_268' title='bbox 365 2312 423 2319; x_wconf 87' lang='lat'><strong>·-</strong></span> <span class='ocrx_word' id='word_1_269' title='bbox 442 2291 468 2327; x_wconf 86' lang='grc'><em>2</em></span> <span class='ocrx_word' id='word_1_270' title='bbox 489 2286 542 2337; x_wconf 85' lang='lat' dir='ltr'><strong>V,</strong></span> <span class='ocrx_word' id='word_1_271' title='bbox 570 2285 754 2342; x_wconf 67' lang='lat' dir='ltr'><strong>adeoque</strong></span> <span class='ocrx_word' id='word_1_272' title='bbox 773 2301 802 2328; x_wconf 84' lang='lat' dir='ltr'><strong>x</strong></span> <span class='ocrx_word' id='word_1_273' title='bbox 822 2285 875 2327; x_wconf 85' lang='lat' dir='ltr'><strong>ad</strong></span> <span class='ocrx_word' id='word_1_274' title='bbox 895 2286 935 2337; x_wconf 91' lang='lat' dir='ltr'><strong>d,</strong></span> <span class='ocrx_word' id='word_1_275' title='bbox 967 2294 1013 2328; x_wconf 90' lang='lat' dir='ltr'><strong>ut</strong></span> <span class='ocrx_word' id='word_1_276' title='bbox 1037 2320 1123 2369; x_wconf 53' lang='lat'><strong>„3-</strong></span> <span class='ocrx_word' id='word_1_277' title='bbox 1142 2286 1195 2327; x_wconf 92' lang='lat' dir='ltr'><strong>ad</strong></span> <span class='ocrx_word' id='word_1_278' title='bbox 1213 2286 1255 2328; x_wconf 91' lang='lat' dir='ltr'>G</span> <span class='ocrx_word' id='word_1_279' title='bbox 1271 2285 1392 2343; x_wconf 72' lang='lat' dir='ltr'><strong>quam</strong></span> <span class='ocrx_word' id='word_1_280' title='bbox 1412 2285 1612 2350; x_wconf 76' lang='lat' dir='ltr'><strong>proxime.</strong></span> <span class='ocrx_word' id='word_1_281' title='bbox 1662 2287 1918 2344; x_wconf 30' lang='lat' dir='ltr'><strong>Atque-hinc</strong></span> 
     </span>
    </p>
   </div>
   <div class='ocr_carea' id='block_1_6' title="bbox 230 2398 1918 2527">
    <p class='ocr_par' dir='ltr' id='par_1_7' title="bbox 230 2398 1918 2527">
     <span class='ocr_line' id='line_1_32' title="bbox 230 2398 1918 2458; baseline 0.001 -16"><span class='ocrx_word' id='word_1_282' title='bbox 230 2407 400 2458; x_wconf 85' lang='lat' dir='ltr'><strong>apparet</strong></span> <span class='ocrx_word' id='word_1_283' title='bbox 420 2400 571 2442; x_wconf 87' lang='lat' dir='ltr'><strong>utilitas</strong></span> <span class='ocrx_word' id='word_1_284' title='bbox 590 2400 912 2456; x_wconf 82' lang='lat' dir='ltr'><strong>praecedentium</strong></span> <span class='ocrx_word' id='word_1_285' title='bbox 934 2399 1279 2454; x_wconf 88' lang='lat' dir='ltr'><strong>Propositionum,</strong></span> <span class='ocrx_word' id='word_1_286' title='bbox 1312 2398 1405 2441; x_wconf 75' lang='lat' dir='ltr'><strong>cum</strong></span> <span class='ocrx_word' id='word_1_287' title='bbox 1425 2414 1614 2441; x_wconf 86' lang='lat' dir='ltr'><strong>ascensus</strong></span> <span class='ocrx_word' id='word_1_288' title='bbox 1635 2415 1752 2456; x_wconf 85' lang='lat' dir='ltr'><strong>aquae</strong></span> <span class='ocrx_word' id='word_1_289' title='bbox 1772 2416 1918 2443; x_wconf 89' lang='lat' dir='ltr'><strong>secun-</strong></span> 
     </span>
     <span class='ocr_line' id='line_1_33' title="bbox 234 2469 1918 2527; baseline 0.002 -15"><span class='ocrx_word' id='word_1_290' title='bbox 234 2470 333 2513; x_wconf 66' lang='lat' dir='ltr'><strong>dnm</strong></span> <span class='ocrx_word' id='word_1_291' title='bbox 363 2476 469 2513; x_wconf 88' lang='lat' dir='ltr'><strong>hanc</strong></span> <span class='ocrx_word' id='word_1_292' title='bbox 497 2472 632 2514; x_wconf 79' lang='lat' dir='ltr'><strong>minus</strong></span> <span class='ocrx_word' id='word_1_293' title='bbox 661 2480 893 2513; x_wconf 82' lang='lat' dir='ltr'><strong>accuratam</strong></span> <span class='ocrx_word' id='word_1_294' title='bbox 921 2469 1186 2526; x_wconf 88' lang='lat' dir='ltr'><strong>hypothesim</strong></span> <span class='ocrx_word' id='word_1_295' title='bbox 1213 2472 1347 2513; x_wconf 91' lang='lat' dir='ltr'><strong>minor</strong></span> <span class='ocrx_word' id='word_1_296' title='bbox 1367 2471 1419 2512; x_wconf 90' lang='lat' dir='ltr'><strong>sit</strong></span> <span class='ocrx_word' id='word_1_297' title='bbox 1438 2485 1607 2512; x_wconf 83' lang='lat' dir='ltr'><strong>ascensu</strong></span> <span class='ocrx_word' id='word_1_298' title='bbox 1627 2486 1750 2527; x_wconf 90' lang='lat' dir='ltr'><strong>quem</strong></span> <span class='ocrx_word' id='word_1_299' title='bbox 1775 2472 1819 2513; x_wconf 90' lang='lat' dir='ltr'><strong>in</strong></span> <span class='ocrx_word' id='word_1_300' title='bbox 1838 2471 1918 2515; x_wconf 66' lang='lat' dir='ltr'><strong>hinc</strong></span> 
     </span>
    </p>
   </div>
   <div class='ocr_carea' id='block_1_7' title="bbox 1040 2547 1212 2588">
    <p class='ocr_par' dir='ltr' id='par_1_8' title="bbox 1040 2547 1212 2588">
     <span class='ocr_line' id='line_1_34' title="bbox 1040 2547 1212 2588; baseline 0.017 -3"><span class='ocrx_word' id='word_1_301' title='bbox 1040 2547 1212 2588; x_wconf 43' lang='lat' dir='ltr'><strong>A-3Vd</strong></span> 
     </span>
    </p>
   </div>
   <div class='ocr_carea' id='block_1_8' title="bbox 232 2556 1916 2655">
    <p class='ocr_par' dir='ltr' id='par_1_9' title="bbox 232 2556 1916 2655">
     <span class='ocr_line' id='line_1_35' title="bbox 232 2556 1916 2655; baseline 0 -43"><span class='ocrx_word' id='word_1_302' title='bbox 232 2570 519 2626; x_wconf 83' lang='lat' dir='ltr'><strong>Propositione</strong></span> <span class='ocrx_word' id='word_1_303' title='bbox 539 2556 809 2623; x_wconf 85' lang='lat' dir='ltr'><strong>definivimus,</strong></span> <span class='ocrx_word' id='word_1_304' title='bbox 832 2570 1058 2613; x_wconf 83' lang='lat' dir='ltr'><strong>differentia</strong></span> <span class='ocrx_word' id='word_1_305' title='bbox 1076 2603 1224 2655; x_wconf 71' lang='lat' dir='ltr'><strong>,4—G-,</strong></span> <span class='ocrx_word' id='word_1_306' title='bbox 1256 2571 1398 2629; x_wconf 67' lang='lat' dir='ltr'><strong>quarta</strong></span> <span class='ocrx_word' id='word_1_307' title='bbox 1420 2573 1572 2614; x_wconf 87' lang='lat' dir='ltr'><strong>scilicet</strong></span> <span class='ocrx_word' id='word_1_308' title='bbox 1590 2581 1707 2629; x_wconf 87' lang='lat' dir='ltr'><strong>parte</strong></span> <span class='ocrx_word' id='word_1_309' title='bbox 1727 2585 1916 2615; x_wconf 85' lang='lat' dir='ltr'><strong>ascensus</strong></span> 
     </span>
    </p>
   </div>
   <div class='ocr_carea' id='block_1_9' title="bbox 1772 1365 1847 1412">
    <p class='ocr_par' dir='ltr' id='par_1_10' title="bbox 1772 1365 1847 1412">
     <span class='ocr_line' id='line_1_36' title="bbox 1772 1365 1847 1412; baseline 0 -18"><span class='ocrx_word' id='word_1_310' title='bbox 1772 1365 1847 1412; x_wconf 40' lang='lat'><strong>:¹438</strong></span> 
     </span>
    </p>
   </div>
   <div class='ocr_carea' id='block_1_10' title="bbox 227 2002 1920 2062">
    <p class='ocr_par' dir='ltr' id='par_1_11' title="bbox 227 2002 1920 2062">
     <span class='ocr_line' id='line_1_37' title="bbox 227 2002 1920 2062; baseline 0.004 -18"><span class='ocrx_word' id='word_1_311' title='bbox 227 2003 288 2045; x_wconf 85' lang='lat' dir='ltr'><strong>vis</strong></span> <span class='ocrx_word' id='word_1_312' title='bbox 308 2004 353 2045; x_wconf 90' lang='lat' dir='ltr'><strong>in</strong></span> <span class='ocrx_word' id='word_1_313' title='bbox 371 2002 456 2045; x_wconf 71' lang='lat' dir='ltr'><strong>tota</strong></span> <span class='ocrx_word' id='word_1_314' title='bbox 478 2002 800 2045; x_wconf 66' lang='lat' dir='ltr'><strong>circumferentia</strong></span> <span class='ocrx_word' id='word_1_315' title='bbox 822 2003 863 2044; x_wconf 94' lang='lat' dir='ltr'>A</span> <span class='ocrx_word' id='word_1_316' title='bbox 886 2003 923 2045; x_wconf 90' lang='lat' dir='ltr'><strong>B</strong></span> <span class='ocrx_word' id='word_1_317' title='bbox 944 2018 969 2044; x_wconf 88' lang='lat' dir='ltr'><strong>a</strong></span> <span class='ocrx_word' id='word_1_318' title='bbox 986 2003 1027 2054; x_wconf 88' lang='lat' dir='ltr'><strong>b,</strong></span> <span class='ocrx_word' id='word_1_319' title='bbox 1049 2004 1268 2058; x_wconf 89' lang='lat' dir='ltr'><strong>prodiisset</strong></span> <span class='ocrx_word' id='word_1_320' title='bbox 1286 2019 1315 2045; x_wconf 85' lang='lat' dir='ltr'>x</span> <span class='ocrx_word' id='word_1_321' title='bbox 1335 2006 1502 2062; x_wconf 81' lang='lat' dir='ltr'><strong>aequalis</strong></span> <span class='ocrx_word' id='word_1_322' title='bbox 1523 2006 1680 2048; x_wconf 72' lang='lat' dir='ltr'><strong>tantum</strong></span> <span class='ocrx_word' id='word_1_323' title='bbox 1839 2038 1851 2059; x_wconf 92' lang='lat'><strong>,</strong></span> <span class='ocrx_word' id='word_1_324' title='bbox 1877 2015 1920 2050; x_wconf 88' lang='lat' dir='ltr'><strong>et</strong></span> 
     </span>
    </p>
   </div>
   <div class='ocr_carea' id='block_1_11' title="bbox 1708 2040 1834 2047">
    <p class='ocr_par' dir='ltr' id='par_1_12' title="bbox 1708 2040 1834 2047">
     <span class='ocr_line' id='line_1_38' title="bbox 1708 2040 1834 2047; baseline 0 1423"><span class='ocrx_word' id='word_1_325' title='bbox 1708 2040 1834 2047; x_wconf 95' lang='lat' dir='ltr'><strong> </strong></span> 
     </span>
    </p>
   </div>
   <div class='ocr_carea' id='block_1_12' title="bbox 227 2684 1940 3097">
    <p class='ocr_par' dir='ltr' id='par_1_13' title="bbox 230 2684 350 2726">
     <span class='ocr_line' id='line_1_39' title="bbox 230 2684 350 2726; baseline 0.017 -2"><span class='ocrx_word' id='word_1_326' title='bbox 230 2684 350 2726; x_wconf 86' lang='lat' dir='ltr'><strong>illius.</strong></span> 
     </span>
    </p>

    <p class='ocr_par' dir='ltr' id='par_1_14' title="bbox 227 2755 1940 3097">
     <span class='ocr_line' id='line_1_40' title="bbox 285 2755 1918 2813; baseline 0 -16"><span class='ocrx_word' id='word_1_327' title='bbox 285 2757 411 2798; x_wconf 78' lang='lat' dir='ltr'><strong>schol.</strong></span> <span class='ocrx_word' id='word_1_328' title='bbox 434 2761 473 2798; x_wconf 92' lang='grc'><strong>2.</strong></span> <span class='ocrx_word' id='word_1_329' title='bbox 505 2757 573 2799; x_wconf 86' lang='lat' dir='ltr'><strong>Ex</strong></span> <span class='ocrx_word' id='word_1_330' title='bbox 600 2757 678 2800; x_wconf 82' lang='lat' dir='ltr'><strong>hac</strong></span> <span class='ocrx_word' id='word_1_331' title='bbox 703 2756 887 2813; x_wconf 65' lang='lat' dir='ltr'><strong>doctrina</strong></span> <span class='ocrx_word' id='word_1_332' title='bbox 913 2764 1026 2813; x_wconf 88' lang='lat' dir='ltr'><strong>patet</strong></span> <span class='ocrx_word' id='word_1_333' title='bbox 1048 2758 1238 2800; x_wconf 88' lang='lat' dir='ltr'><strong>satellites</strong></span> <span class='ocrx_word' id='word_1_334' title='bbox 1257 2757 1369 2799; x_wconf 89' lang='lat' dir='ltr'><strong>Jovis</strong></span> <span class='ocrx_word' id='word_1_335' title='bbox 1394 2758 1479 2800; x_wconf 89' lang='lat' dir='ltr'><strong>Soli</strong></span> <span class='ocrx_word' id='word_1_336' title='bbox 1498 2765 1539 2799; x_wconf 91' lang='lat' dir='ltr'><strong>et</strong></span> <span class='ocrx_word' id='word_1_337' title='bbox 1559 2758 1635 2799; x_wconf 90' lang='lat' dir='ltr'><strong>sibi</strong></span> <span class='ocrx_word' id='word_1_338' title='bbox 1655 2755 1798 2799; x_wconf 69' lang='lat' dir='ltr'><strong>mutuo</strong></span> <span class='ocrx_word' id='word_1_339' title='bbox 1819 2770 1918 2798; x_wconf 88' lang='lat' dir='ltr'><strong>con-</strong></span> 
     </span>
     <span class='ocr_line' id='line_1_41' title="bbox 227 2815 1917 2886; baseline 0.002 -19"><span class='ocrx_word' id='word_1_340' title='bbox 227 2827 393 2882; x_wconf 89' lang='lat' dir='ltr'><strong>junctos</strong></span> <span class='ocrx_word' id='word_1_341' title='bbox 423 2829 489 2870; x_wconf 89' lang='lat' dir='ltr'><strong>vel</strong></span> <span class='ocrx_word' id='word_1_342' title='bbox 518 2830 727 2884; x_wconf 84' lang='lat' dir='ltr'><strong>oppositos</strong></span> <span class='ocrx_word' id='word_1_343' title='bbox 747 2830 790 2870; x_wconf 91' lang='lat' dir='ltr'><strong>in</strong></span> <span class='ocrx_word' id='word_1_344' title='bbox 812 2815 967 2872; x_wconf 87' lang='lat' dir='ltr'><strong>oceano</strong></span> <span class='ocrx_word' id='word_1_345' title='bbox 980 2830 1122 2884; x_wconf 81' lang='lat' dir='ltr'><strong>joviali</strong></span> <span class='ocrx_word' id='word_1_346' title='bbox 1152 2830 1203 2884; x_wconf 89' lang='lat' dir='ltr'><strong>(si</strong></span> <span class='ocrx_word' id='word_1_347' title='bbox 1222 2829 1329 2870; x_wconf 92' lang='lat' dir='ltr'><strong>ullus</strong></span> <span class='ocrx_word' id='word_1_348' title='bbox 1350 2830 1416 2883; x_wconf 91' lang='lat' dir='ltr'><strong>sit)</strong></span> <span class='ocrx_word' id='word_1_349' title='bbox 1447 2830 1631 2886; x_wconf 86' lang='lat' dir='ltr'><strong>ingentes</strong></span> <span class='ocrx_word' id='word_1_350' title='bbox 1651 2838 1786 2871; x_wconf 89' lang='lat' dir='ltr'><strong>motus</strong></span> <span class='ocrx_word' id='word_1_351' title='bbox 1806 2829 1917 2871; x_wconf 86' lang='lat' dir='ltr'><strong>exci-</strong></span> 
     </span>
     <span class='ocr_line' id='line_1_42' title="bbox 232 2898 1919 2950; baseline 0.003 -13"><span class='ocrx_word' id='word_1_352' title='bbox 232 2905 320 2938; x_wconf 89' lang='lat' dir='ltr'><strong>tare</strong></span> <span class='ocrx_word' id='word_1_353' title='bbox 349 2898 510 2950; x_wconf 86' lang='lat' dir='ltr'><strong>debere,</strong></span> <span class='ocrx_word' id='word_1_354' title='bbox 541 2899 665 2942; x_wconf 65' lang='lat' dir='ltr'><strong>mode)</strong></span> <span class='ocrx_word' id='word_1_355' title='bbox 693 2915 777 2941; x_wconf 91' lang='lat' dir='ltr'><strong>non</strong></span> <span class='ocrx_word' id='word_1_356' title='bbox 807 2900 888 2942; x_wconf 89' lang='lat' dir='ltr'><strong>sint</strong></span> <span class='ocrx_word' id='word_1_357' title='bbox 916 2898 1035 2942; x_wconf 63' lang='lat' dir='ltr'><strong>Luna</strong></span> <span class='ocrx_word' id='word_1_358' title='bbox 1063 2898 1199 2940; x_wconf 71' lang='lat' dir='ltr'><strong>nostrii</strong></span> <span class='ocrx_word' id='word_1_359' title='bbox 1225 2899 1355 2940; x_wconf 69' lang='lat' dir='ltr'><strong>multo</strong></span> <span class='ocrx_word' id='word_1_360' title='bbox 1375 2901 1580 2950; x_wconf 86' lang='lat' dir='ltr'><strong>minores3</strong></span> <span class='ocrx_word' id='word_1_361' title='bbox 1609 2898 1702 2941; x_wconf 72' lang='lat' dir='ltr'><strong>cum</strong></span> <span class='ocrx_word' id='word_1_362' title='bbox 1721 2899 1919 2942; x_wconf 84' lang='lat' dir='ltr'><strong>diameter</strong></span> 
     </span>
     <span class='ocr_line' id='line_1_43' title="bbox 232 2967 1921 3031; baseline 0.002 -23"><span class='ocrx_word' id='word_1_363' title='bbox 232 2967 347 3031; x_wconf 80' lang='lat' dir='ltr'><strong>Jovis</strong></span> <span class='ocrx_word' id='word_1_364' title='bbox 378 2970 429 3010; x_wconf 87' lang='lat' dir='ltr'><strong>ad</strong></span> <span class='ocrx_word' id='word_1_365' title='bbox 460 2971 693 3013; x_wconf 84' lang='lat' dir='ltr'><strong>distantiam</strong></span> <span class='ocrx_word' id='word_1_366' title='bbox 722 2972 917 3027; x_wconf 85' lang='lat' dir='ltr'><strong>cujusque</strong></span> <span class='ocrx_word' id='word_1_367' title='bbox 947 2971 1128 3012; x_wconf 85' lang='lat' dir='ltr'><strong>satellitis</strong></span> <span class='ocrx_word' id='word_1_368' title='bbox 1154 2970 1284 3012; x_wconf 68' lang='lat' dir='ltr'><strong>multo</strong></span> <span class='ocrx_word' id='word_1_369' title='bbox 1315 2972 1511 3027; x_wconf 85' lang='lat' dir='ltr'><strong>majorem</strong></span> <span class='ocrx_word' id='word_1_370' title='bbox 1541 2971 1688 3012; x_wconf 83' lang='lat' dir='ltr'><strong>habeat</strong></span> <span class='ocrx_word' id='word_1_371' title='bbox 1720 2971 1921 3013; x_wconf 86' lang='lat' dir='ltr'><strong>rationem</strong></span> 
     </span>
     <span class='ocr_line' id='line_1_44' title="bbox 234 3038 1940 3097; baseline 0.003 -16"><span class='ocrx_word' id='word_1_372' title='bbox 234 3038 358 3097; x_wconf 76' lang='lat' dir='ltr'><strong>quam</strong></span> <span class='ocrx_word' id='word_1_373' title='bbox 386 3041 583 3085; x_wconf 84' lang='lat' dir='ltr'><strong>diameter</strong></span> <span class='ocrx_word' id='word_1_374' title='bbox 614 3045 758 3088; x_wconf 85' lang='lat' dir='ltr'><strong>Terrae</strong></span> <span class='ocrx_word' id='word_1_375' title='bbox 787 3045 840 3087; x_wconf 86' lang='lat' dir='ltr'><strong>ad</strong></span> <span class='ocrx_word' id='word_1_376' title='bbox 868 3044 1100 3086; x_wconf 82' lang='lat' dir='ltr'><strong>distantiam</strong></span> <span class='ocrx_word' id='word_1_377' title='bbox 1130 3043 1274 3085; x_wconf 87' lang='lat' dir='ltr'><strong>Lunae.</strong></span> <span class='ocrx_word' id='word_1_378' title='bbox 1333 3043 1564 3087; x_wconf 84' lang='lat' dir='ltr'><strong>Verisimile</strong></span> <span class='ocrx_word' id='word_1_379' title='bbox 1589 3050 1649 3085; x_wconf 89' lang='lat' dir='ltr'><strong>est</strong></span> <span class='ocrx_word' id='word_1_380' title='bbox 1673 3043 1940 3090; x_wconf 46' lang='lat' dir='ltr'><strong>mutationes</strong></span> 
     </span>
    </p>
   </div>
  </div>
 </body>
</html>
