<?xml version="1.0" encoding="UTF-8"?>
<!DOCTYPE html PUBLIC "-//W3C//DTD XHTML 1.0 Transitional//EN"
    "http://www.w3.org/TR/xhtml1/DTD/xhtml1-transitional.dtd">
<html xmlns="http://www.w3.org/1999/xhtml" xml:lang="en" lang="en">
 <head>
  <title>
</title>
<meta http-equiv="Content-Type" content="text/html;charset=utf-8" />
  <meta name='ocr-system' content='tesseract 3.04.00' />
  <meta name='ocr-capabilities' content='ocr_page ocr_carea ocr_par ocr_line ocrx_word'/>
</head>
<body>
  <div class='ocr_page' id='page_1' title='image "./philosophiaenatu03newtuoft_0025.png"; bbox 0 0 2092 3470; ppageno 0'>
   <div class='ocr_carea' id='block_1_1' title="bbox 0 1875 64 3470">
    <p class='ocr_par' dir='ltr' id='par_1_1' title="bbox 0 1875 64 3470">
     <span class='ocr_line' id='line_1_1' title="bbox 0 1875 64 3470; baseline 0 0"><span class='ocrx_word' id='word_1_1' title='bbox 0 1875 64 3470; x_wconf 95' lang='lat' dir='ltr'><strong> </strong></span> 
     </span>
    </p>
   </div>
   <div class='ocr_carea' id='block_1_2' title="bbox 143 191 1851 250">
    <p class='ocr_par' dir='ltr' id='par_1_2' title="bbox 143 191 1851 250">
     <span class='ocr_line' id='line_1_2' title="bbox 143 191 1851 250; baseline -0.002 -9"><span class='ocrx_word' id='word_1_2' title='bbox 143 197 250 241; x_wconf 72' lang='lat' dir='ltr'><strong>CAP.</strong></span> <span class='ocrx_word' id='word_1_3' title='bbox 272 197 332 250; x_wconf 88' lang='grc'><strong>1.]</strong></span> <span class='ocrx_word' id='word_1_4' title='bbox 646 193 734 237; x_wconf 89' lang='lat' dir='ltr'><strong>AD</strong></span> <span class='ocrx_word' id='word_1_5' title='bbox 764 191 1068 236; x_wconf 88' lang='lat' dir='ltr'>TERTIUM</span> <span class='ocrx_word' id='word_1_6' title='bbox 1092 192 1357 236; x_wconf 89' lang='lat' dir='ltr'><strong>LIBRUM.</strong></span> <span class='ocrx_word' id='word_1_7' title='bbox 1777 196 1851 238; x_wconf 83' lang='lat' dir='ltr'><strong>xiii</strong></span> 
     </span>
    </p>
   </div>
   <div class='ocr_carea' id='block_1_3' title="bbox 126 306 1869 2095">
    <p class='ocr_par' dir='ltr' id='par_1_3' title="bbox 126 306 1854 866">
     <span class='ocr_line' id='line_1_3' title="bbox 140 306 1851 368; baseline -0.004 -13"><span class='ocrx_word' id='word_1_8' title='bbox 140 312 224 354; x_wconf 86' lang='lat' dir='ltr'><strong>tori</strong></span> <span class='ocrx_word' id='word_1_9' title='bbox 245 310 464 368; x_wconf 76' lang='lat' dir='ltr'><strong>parallelos</strong></span> <span class='ocrx_word' id='word_1_10' title='bbox 483 308 674 352; x_wconf 78' lang='lat' dir='ltr'><strong>bifariam</strong></span> <span class='ocrx_word' id='word_1_11' title='bbox 693 308 895 351; x_wconf 60' lang='lat' dir='ltr'><strong>dividens.</strong></span> <span class='ocrx_word' id='word_1_12' title='bbox 954 307 1200 350; x_wconf 80' lang='lat' dir='ltr'><strong>Intersectio</strong></span> <span class='ocrx_word' id='word_1_13' title='bbox 1227 306 1343 363; x_wconf 81' lang='lat' dir='ltr'><strong>plani</strong></span> <span class='ocrx_word' id='word_1_14' title='bbox 1370 307 1590 350; x_wconf 82' lang='lat' dir='ltr'><strong>meridiani</strong></span> <span class='ocrx_word' id='word_1_15' title='bbox 1609 323 1705 351; x_wconf 87' lang='lat' dir='ltr'><strong>cum</strong></span> <span class='ocrx_word' id='word_1_16' title='bbox 1723 308 1851 364; x_wconf 85' lang='lat' dir='ltr'><strong>plano</strong></span> 
     </span>
     <span class='ocr_line' id='line_1_4' title="bbox 126 381 1851 436; baseline -0.001 -10"><span class='ocrx_word' id='word_1_17' title='bbox 126 383 369 431; x_wconf 69' lang='lat' dir='ltr'><strong>horizontis</strong></span> <span class='ocrx_word' id='word_1_18' title='bbox 394 383 445 427; x_wconf 94' lang='lat' dir='ltr'>H</span> <span class='ocrx_word' id='word_1_19' title='bbox 470 383 512 426; x_wconf 87' lang='lat' dir='ltr'><strong>R</strong></span> <span class='ocrx_word' id='word_1_20' title='bbox 531 382 598 425; x_wconf 82' lang='lat' dir='ltr'><strong>vel</strong></span> <span class='ocrx_word' id='word_1_21' title='bbox 619 381 651 424; x_wconf 94' lang='lat' dir='ltr'><strong>h</strong></span> <span class='ocrx_word' id='word_1_22' title='bbox 670 396 693 424; x_wconf 88' lang='lat' dir='ltr'><strong>r</strong></span> <span class='ocrx_word' id='word_1_23' title='bbox 712 381 865 423; x_wconf 90' lang='lat' dir='ltr'><strong>dicitur</strong></span> <span class='ocrx_word' id='word_1_24' title='bbox 885 381 996 422; x_wconf 80' lang='lat' dir='ltr'><strong>linea</strong></span> <span class='ocrx_word' id='word_1_25' title='bbox 1018 382 1258 423; x_wconf 82' lang='lat' dir='ltr'><strong>meridiana.</strong></span> <span class='ocrx_word' id='word_1_26' title='bbox 1320 381 1513 422; x_wconf 78' lang='lat' dir='ltr'><strong>circulus</strong></span> <span class='ocrx_word' id='word_1_27' title='bbox 1536 384 1736 424; x_wconf 79' lang='lat' dir='ltr'><strong>verticalis</strong></span> <span class='ocrx_word' id='word_1_28' title='bbox 1755 382 1851 436; x_wconf 82' lang='lat' dir='ltr'><strong>pri-</strong></span> 
     </span>
     <span class='ocr_line' id='line_1_5' title="bbox 141 451 1847 509; baseline -0.002 -11"><span class='ocrx_word' id='word_1_29' title='bbox 141 455 293 498; x_wconf 79' lang='lat' dir='ltr'><strong>marius</strong></span> <span class='ocrx_word' id='word_1_30' title='bbox 320 462 386 497; x_wconf 87' lang='lat' dir='ltr'><strong>est</strong></span> <span class='ocrx_word' id='word_1_31' title='bbox 410 453 482 496; x_wconf 89' lang='lat' dir='ltr'><strong>ille</strong></span> <span class='ocrx_word' id='word_1_32' title='bbox 509 452 715 495; x_wconf 81' lang='lat' dir='ltr'><strong>verticalis</strong></span> <span class='ocrx_word' id='word_1_33' title='bbox 739 452 812 509; x_wconf 93' lang='lat' dir='ltr'><strong>qui</strong></span> <span class='ocrx_word' id='word_1_34' title='bbox 831 466 909 507; x_wconf 90' lang='lat' dir='ltr'><strong>per</strong></span> <span class='ocrx_word' id='word_1_35' title='bbox 925 451 1046 508; x_wconf 90' lang='lat' dir='ltr'><strong>polos</strong></span> <span class='ocrx_word' id='word_1_36' title='bbox 1066 451 1284 494; x_wconf 84' lang='lat' dir='ltr'><strong>meridiani</strong></span> <span class='ocrx_word' id='word_1_37' title='bbox 1305 452 1468 494; x_wconf 78' lang='lat' dir='ltr'><strong>transit.</strong></span> <span class='ocrx_word' id='word_1_38' title='bbox 1532 453 1596 494; x_wconf 89' lang='lat' dir='ltr'><strong>Sit</strong></span> <span class='ocrx_word' id='word_1_39' title='bbox 1617 454 1651 494; x_wconf 95' lang='lat' dir='ltr'>Z</span> <span class='ocrx_word' id='word_1_40' title='bbox 1672 453 1714 495; x_wconf 92' lang='lat' dir='ltr'><strong>V</strong></span> <span class='ocrx_word' id='word_1_41' title='bbox 1734 452 1779 494; x_wconf 91' lang='lat' dir='ltr'>N</span> <span class='ocrx_word' id='word_1_42' title='bbox 1799 453 1847 495; x_wconf 83' lang='lat' dir='ltr'>X</span> 
     </span>
     <span class='ocr_line' id='line_1_6' title="bbox 143 524 1853 583; baseline -0.002 -14"><span class='ocrx_word' id='word_1_43' title='bbox 143 526 349 569; x_wconf 78' lang='lat' dir='ltr'>verticalis</span> <span class='ocrx_word' id='word_1_44' title='bbox 366 526 589 583; x_wconf 88' lang='lat' dir='ltr'><strong>primarius</strong></span> <span class='ocrx_word' id='word_1_45' title='bbox 610 525 870 568; x_wconf 84' lang='lat' dir='ltr'>horizontem</span> <span class='ocrx_word' id='word_1_46' title='bbox 889 525 1133 567; x_wconf 81' lang='lat' dir='ltr'><strong>rationalem</strong></span> <span class='ocrx_word' id='word_1_47' title='bbox 1155 525 1206 567; x_wconf 96' lang='lat' dir='ltr'>H</span> <span class='ocrx_word' id='word_1_48' title='bbox 1226 525 1267 566; x_wconf 91' lang='lat' dir='ltr'><strong>V</strong></span> <span class='ocrx_word' id='word_1_49' title='bbox 1290 525 1331 567; x_wconf 88' lang='lat' dir='ltr'><strong>R</strong></span> <span class='ocrx_word' id='word_1_50' title='bbox 1353 524 1400 566; x_wconf 93' lang='lat' dir='ltr'>X</span> <span class='ocrx_word' id='word_1_51' title='bbox 1419 525 1671 566; x_wconf 85' lang='lat' dir='ltr'><strong>intersecans</strong></span> <span class='ocrx_word' id='word_1_52' title='bbox 1691 526 1735 567; x_wconf 92' lang='lat' dir='ltr'><strong>in</strong></span> <span class='ocrx_word' id='word_1_53' title='bbox 1755 527 1797 568; x_wconf 92' lang='lat' dir='ltr'>V</span> <span class='ocrx_word' id='word_1_54' title='bbox 1811 531 1853 567; x_wconf 89' lang='lat' dir='ltr'><strong>et</strong></span> 
     </span>
     <span class='ocr_line' id='line_1_7' title="bbox 144 595 1851 654; baseline -0.001 -15"><span class='ocrx_word' id='word_1_55' title='bbox 144 597 205 648; x_wconf 93' lang='lat' dir='ltr'><strong>X,</strong></span> <span class='ocrx_word' id='word_1_56' title='bbox 243 612 367 654; x_wconf 91' lang='lat' dir='ltr'><strong>quem</strong></span> <span class='ocrx_word' id='word_1_57' title='bbox 400 596 652 639; x_wconf 72' lang='lat' dir='ltr'><strong>meridianus</strong></span> <span class='ocrx_word' id='word_1_58' title='bbox 684 596 810 638; x_wconf 84' lang='lat' dir='ltr'><strong>etiam</strong></span> <span class='ocrx_word' id='word_1_59' title='bbox 843 602 955 638; x_wconf 84' lang='lat' dir='ltr'><strong>secat</strong></span> <span class='ocrx_word' id='word_1_60' title='bbox 981 596 1027 637; x_wconf 88' lang='lat' dir='ltr'><strong>in</strong></span> <span class='ocrx_word' id='word_1_61' title='bbox 1056 596 1107 638; x_wconf 96' lang='lat' dir='ltr'>H</span> <span class='ocrx_word' id='word_1_62' title='bbox 1126 603 1168 637; x_wconf 90' lang='lat' dir='ltr'><strong>et</strong></span> <span class='ocrx_word' id='word_1_63' title='bbox 1190 595 1244 637; x_wconf 86' lang='lat' dir='ltr'><strong>R.</strong></span> <span class='ocrx_word' id='word_1_64' title='bbox 1305 595 1470 637; x_wconf 88' lang='lat' dir='ltr'><strong>Puncta</strong></span> <span class='ocrx_word' id='word_1_65' title='bbox 1497 600 1675 652; x_wconf 87' lang='lat' dir='ltr'><strong>quatuor</strong></span> <span class='ocrx_word' id='word_1_66' title='bbox 1705 596 1759 646; x_wconf 91' lang='lat' dir='ltr'><strong>R,</strong></span> <span class='ocrx_word' id='word_1_67' title='bbox 1791 597 1851 647; x_wconf 93' lang='lat' dir='ltr'><strong>X,</strong></span> 
     </span>
     <span class='ocr_line' id='line_1_8' title="bbox 143 667 1854 724; baseline -0.002 -12"><span class='ocrx_word' id='word_1_68' title='bbox 143 670 207 721; x_wconf 91' lang='lat' dir='ltr'><strong>H,</strong></span> <span class='ocrx_word' id='word_1_69' title='bbox 235 669 290 721; x_wconf 92' lang='lat' dir='ltr'><strong>V,</strong></span> <span class='ocrx_word' id='word_1_70' title='bbox 323 669 520 712; x_wconf 86' lang='lat' dir='ltr'><strong>dicuntur</strong></span> <span class='ocrx_word' id='word_1_71' title='bbox 550 670 740 711; x_wconf 83' lang='lat' dir='ltr'><em>cardines</em></span> <span class='ocrx_word' id='word_1_72' title='bbox 773 670 911 710; x_wconf 81' lang='lat' dir='ltr'><strong>mundi</strong></span> <span class='ocrx_word' id='word_1_73' title='bbox 926 691 942 716; x_wconf 93' lang='lat'><strong>,·</strong></span> <span class='ocrx_word' id='word_1_74' title='bbox 983 677 1187 724; x_wconf 89' lang='lat' dir='ltr'><strong>punctum</strong></span> <span class='ocrx_word' id='word_1_75' title='bbox 1213 667 1383 724; x_wconf 89' lang='lat' dir='ltr'><strong>quidem</strong></span> <span class='ocrx_word' id='word_1_76' title='bbox 1416 669 1459 711; x_wconf 83' lang='lat' dir='ltr'><strong>R</strong></span> <span class='ocrx_word' id='word_1_77' title='bbox 1493 669 1539 710; x_wconf 88' lang='lat' dir='ltr'><strong>in</strong></span> <span class='ocrx_word' id='word_1_78' title='bbox 1571 667 1854 723; x_wconf 90' lang='lat' dir='ltr'><strong>hemispherio</strong></span> 
     </span>
     <span class='ocr_line' id='line_1_9' title="bbox 141 726 1854 795; baseline -0.002 -13"><span class='ocrx_word' id='word_1_79' title='bbox 141 740 299 782; x_wconf 84' lang='lat' dir='ltr'><strong>boreali</strong></span> <span class='ocrx_word' id='word_1_80' title='bbox 338 739 465 782; x_wconf 86' lang='lat' dir='ltr'><strong>cardo</strong></span> <span class='ocrx_word' id='word_1_81' title='bbox 502 740 795 794; x_wconf 80' lang='lat' dir='ltr'><strong>septentrionis,</strong></span> <span class='ocrx_word' id='word_1_82' title='bbox 839 739 888 781; x_wconf 96' lang='lat' dir='ltr'>H</span> <span class='ocrx_word' id='word_1_83' title='bbox 928 726 1074 781; x_wconf 24' lang='lat' dir='ltr'><strong>cardo*</strong></span> <span class='ocrx_word' id='word_1_84' title='bbox 1094 739 1290 789; x_wconf 83' lang='lat' dir='ltr'><strong>meridiei,</strong></span> <span class='ocrx_word' id='word_1_85' title='bbox 1327 739 1369 780; x_wconf 96' lang='lat' dir='ltr'><strong>V</strong></span> <span class='ocrx_word' id='word_1_86' title='bbox 1400 738 1455 780; x_wconf 89' lang='lat' dir='ltr'><strong>ad</strong></span> <span class='ocrx_word' id='word_1_87' title='bbox 1498 746 1639 795; x_wconf 86' lang='lat' dir='ltr'><strong>partes</strong></span> <span class='ocrx_word' id='word_1_88' title='bbox 1686 739 1854 780; x_wconf 91' lang='lat' dir='ltr'><strong>orientis</strong></span> 
     </span>
     <span class='ocr_line' id='line_1_10' title="bbox 142 807 1451 866; baseline -0.002 -13"><span class='ocrx_word' id='word_1_89' title='bbox 142 811 270 854; x_wconf 89' lang='lat' dir='ltr'><strong>cardo</strong></span> <span class='ocrx_word' id='word_1_90' title='bbox 289 811 454 853; x_wconf 83' lang='lat' dir='ltr'><strong>orientis</strong></span> <span class='ocrx_word' id='word_1_91' title='bbox 473 818 515 853; x_wconf 87' lang='lat' dir='ltr'><strong>et</strong></span> <span class='ocrx_word' id='word_1_92' title='bbox 532 819 734 866; x_wconf 90' lang='lat' dir='ltr'><strong>punctum</strong></span> <span class='ocrx_word' id='word_1_93' title='bbox 754 809 992 866; x_wconf 91' lang='lat' dir='ltr'><strong>oppositum</strong></span> <span class='ocrx_word' id='word_1_94' title='bbox 1013 809 1060 851; x_wconf 93' lang='lat' dir='ltr'>X</span> <span class='ocrx_word' id='word_1_95' title='bbox 1079 809 1207 851; x_wconf 88' lang='lat' dir='ltr'><strong>cardo</strong></span> <span class='ocrx_word' id='word_1_96' title='bbox 1227 807 1451 851; x_wconf 82' lang='lat' dir='ltr'><strong>occidentis.</strong></span> 
     </span>
    </p>

    <p class='ocr_par' dir='ltr' id='par_1_4' title="bbox 144 881 1865 1658">
     <span class='ocr_line' id='line_1_11' title="bbox 203 881 1857 938; baseline -0.002 -12"><span class='ocrx_word' id='word_1_97' title='bbox 203 891 243 927; x_wconf 89' lang='grc'><strong>9.</strong></span> <span class='ocrx_word' id='word_1_98' title='bbox 273 883 488 926; x_wconf 85' lang='lat' dir='ltr'><strong>Distantia</strong></span> <span class='ocrx_word' id='word_1_99' title='bbox 515 882 741 925; x_wconf 84' lang='lat' dir='ltr'><strong>horizontis</strong></span> <span class='ocrx_word' id='word_1_100' title='bbox 762 883 998 938; x_wconf 85' lang='lat' dir='ltr'><strong>apparentis</strong></span> <span class='ocrx_word' id='word_1_101' title='bbox 1018 882 1072 923; x_wconf 89' lang='lat' dir='ltr'><strong>ab</strong></span> <span class='ocrx_word' id='word_1_102' title='bbox 1091 882 1307 924; x_wconf 87' lang='lat' dir='ltr'><strong>horizonte</strong></span> <span class='ocrx_word' id='word_1_103' title='bbox 1326 897 1427 924; x_wconf 89' lang='lat' dir='ltr'><strong>vero</strong></span> <span class='ocrx_word' id='word_1_104' title='bbox 1447 881 1532 924; x_wconf 72' lang='lat' dir='ltr'><strong>sive</strong></span> <span class='ocrx_word' id='word_1_105' title='bbox 1552 881 1711 924; x_wconf 83' lang='lat' dir='ltr'><strong>telluris</strong></span> <span class='ocrx_word' id='word_1_106' title='bbox 1735 882 1857 922; x_wconf 86' lang='lat' dir='ltr'><strong>semi-</strong></span> 
     </span>
     <span class='ocr_line' id='line_1_12' title="bbox 144 950 1858 1008; baseline -0.002 -11"><span class='ocrx_word' id='word_1_107' title='bbox 144 956 346 998; x_wconf 85' lang='lat' dir='ltr'><strong>diameter</strong></span> <span class='ocrx_word' id='word_1_108' title='bbox 368 955 399 997; x_wconf 92' lang='lat' dir='ltr'>S</span> <span class='ocrx_word' id='word_1_109' title='bbox 419 954 473 1005; x_wconf 91' lang='lat' dir='ltr'><strong>T,</strong></span> <span class='ocrx_word' id='word_1_110' title='bbox 504 954 711 996; x_wconf 89' lang='lat' dir='ltr'><strong>sensibilis</strong></span> <span class='ocrx_word' id='word_1_111' title='bbox 732 968 818 996; x_wconf 90' lang='lat' dir='ltr'><strong>non</strong></span> <span class='ocrx_word' id='word_1_112' title='bbox 838 961 913 1005; x_wconf 92' lang='lat' dir='ltr'><strong>est,</strong></span> <span class='ocrx_word' id='word_1_113' title='bbox 941 954 975 995; x_wconf 91' lang='lat' dir='ltr'><strong>si</strong></span> <span class='ocrx_word' id='word_1_114' title='bbox 995 952 1232 995; x_wconf 85' lang='lat' dir='ltr'><strong>conferatur</strong></span> <span class='ocrx_word' id='word_1_115' title='bbox 1251 967 1347 995; x_wconf 91' lang='lat' dir='ltr'><strong>cum</strong></span> <span class='ocrx_word' id='word_1_116' title='bbox 1368 953 1579 995; x_wconf 84' lang='lat' dir='ltr'><strong>stellarum</strong></span> <span class='ocrx_word' id='word_1_117' title='bbox 1611 950 1752 1008; x_wconf 72' lang='lat' dir='ltr'><strong>(Lunfi</strong></span> <span class='ocrx_word' id='word_1_118' title='bbox 1773 950 1858 993; x_wconf 74' lang='lat' dir='ltr'><strong>fere</strong></span> 
     </span>
     <span class='ocr_line' id='line_1_13' title="bbox 146 1025 1859 1082; baseline -0.003 -12"><span class='ocrx_word' id='word_1_119' title='bbox 146 1027 234 1071; x_wconf 62' lang='lat' dir='ltr'><strong>sola</strong></span> <span class='ocrx_word' id='word_1_120' title='bbox 255 1025 446 1082; x_wconf 69' lang='lat' dir='ltr'><strong>excepta)</strong></span> <span class='ocrx_word' id='word_1_121' title='bbox 469 1027 686 1077; x_wconf 85' lang='lat' dir='ltr'><strong>distantiis,</strong></span> <span class='ocrx_word' id='word_1_122' title='bbox 708 1034 751 1068; x_wconf 92' lang='lat' dir='ltr'><strong>et</strong></span> <span class='ocrx_word' id='word_1_123' title='bbox 769 1025 865 1068; x_wconf 75' lang='lat' dir='ltr'><strong>ideo</strong></span> <span class='ocrx_word' id='word_1_124' title='bbox 884 1035 996 1068; x_wconf 87' lang='lat' dir='ltr'><strong>terra</strong></span> <span class='ocrx_word' id='word_1_125' title='bbox 1015 1034 1208 1081; x_wconf 86' lang='lat' dir='ltr'><strong>respectu</strong></span> <span class='ocrx_word' id='word_1_126' title='bbox 1234 1025 1411 1081; x_wconf 84' lang='lat' dir='ltr'><strong>sphaerae</strong></span> <span class='ocrx_word' id='word_1_127' title='bbox 1430 1026 1644 1068; x_wconf 85' lang='lat' dir='ltr'><strong>stellarum</strong></span> <span class='ocrx_word' id='word_1_128' title='bbox 1662 1033 1859 1082; x_wconf 85' lang='lat' dir='ltr'><strong>tanquam</strong></span> 
     </span>
     <span class='ocr_line' id='line_1_14' title="bbox 144 1097 1860 1156; baseline -0.003 -14"><span class='ocrx_word' id='word_1_129' title='bbox 144 1108 361 1156; x_wconf 84' lang='lat' dir='ltr'><strong>punctum,</strong></span> <span class='ocrx_word' id='word_1_130' title='bbox 395 1108 437 1142; x_wconf 92' lang='lat' dir='ltr'><strong>et</strong></span> <span class='ocrx_word' id='word_1_131' title='bbox 465 1099 638 1156; x_wconf 90' lang='lat' dir='ltr'><strong>quilibet</strong></span> <span class='ocrx_word' id='word_1_132' title='bbox 657 1107 780 1141; x_wconf 86' lang='lat' dir='ltr'><strong>terrae</strong></span> <span class='ocrx_word' id='word_1_133' title='bbox 798 1098 915 1141; x_wconf 84' lang='lat' dir='ltr'><strong>locus</strong></span> <span class='ocrx_word' id='word_1_134' title='bbox 936 1107 1134 1156; x_wconf 81' lang='lat' dir='ltr'><strong>tanquam</strong></span> <span class='ocrx_word' id='word_1_135' title='bbox 1161 1097 1285 1153; x_wconf 89' lang='lat' dir='ltr'><strong>hujus</strong></span> <span class='ocrx_word' id='word_1_136' title='bbox 1315 1097 1492 1154; x_wconf 87' lang='lat' dir='ltr'><strong>sphaerae</strong></span> <span class='ocrx_word' id='word_1_137' title='bbox 1513 1106 1702 1141; x_wconf 84' lang='lat' dir='ltr'><strong>centrum</strong></span> <span class='ocrx_word' id='word_1_138' title='bbox 1724 1097 1860 1140; x_wconf 92' lang='lat' dir='ltr'><strong>consi-</strong></span> 
     </span>
     <span class='ocr_line' id='line_1_15' title="bbox 147 1170 1861 1229; baseline -0.001 -16"><span class='ocrx_word' id='word_1_139' title='bbox 147 1172 287 1214; x_wconf 87' lang='lat' dir='ltr'><strong>derari</strong></span> <span class='ocrx_word' id='word_1_140' title='bbox 314 1179 465 1229; x_wconf 86' lang='lat' dir='ltr'><strong>potest.</strong></span> <span class='ocrx_word' id='word_1_141' title='bbox 526 1171 638 1214; x_wconf 84' lang='lat' dir='ltr'><strong>Nam</strong></span> <span class='ocrx_word' id='word_1_142' title='bbox 667 1186 810 1212; x_wconf 90' lang='lat' dir='ltr'><strong>omnes</strong></span> <span class='ocrx_word' id='word_1_143' title='bbox 844 1170 931 1212; x_wconf 74' lang='lat' dir='ltr'><strong>fere</strong></span> <span class='ocrx_word' id='word_1_144' title='bbox 961 1170 1312 1213; x_wconf 87' lang='lat' dir='ltr'><strong>Astronomorum</strong></span> <span class='ocrx_word' id='word_1_145' title='bbox 1341 1171 1648 1213; x_wconf 85' lang='lat' dir='ltr'><strong>observationes</strong></span> <span class='ocrx_word' id='word_1_146' title='bbox 1682 1171 1727 1213; x_wconf 88' lang='lat' dir='ltr'><strong>id</strong></span> <span class='ocrx_word' id='word_1_147' title='bbox 1762 1185 1861 1226; x_wconf 91' lang='lat' dir='ltr'><strong>sup-</strong></span> 
     </span>
     <span class='ocr_line' id='line_1_16' title="bbox 145 1242 1859 1300; baseline -0.001 -15"><span class='ocrx_word' id='word_1_148' title='bbox 145 1255 312 1300; x_wconf 91' lang='lat' dir='ltr'><strong>ponunt</strong></span> <span class='ocrx_word' id='word_1_149' title='bbox 342 1252 384 1287; x_wconf 92' lang='lat' dir='ltr'><strong>et</strong></span> <span class='ocrx_word' id='word_1_150' title='bbox 419 1252 613 1300; x_wconf 84' lang='lat' dir='ltr'><strong>computa</strong></span> <span class='ocrx_word' id='word_1_151' title='bbox 650 1242 748 1285; x_wconf 75' lang='lat' dir='ltr'><strong>inde</strong></span> <span class='ocrx_word' id='word_1_152' title='bbox 781 1242 885 1284; x_wconf 85' lang='lat' dir='ltr'><strong>inita</strong></span> <span class='ocrx_word' id='word_1_153' title='bbox 914 1257 1010 1285; x_wconf 92' lang='lat' dir='ltr'><strong>cum</strong></span> <span class='ocrx_word' id='word_1_154' title='bbox 1044 1243 1332 1299; x_wconf 83' lang='lat' dir='ltr'><strong>phaenomenis</strong></span> <span class='ocrx_word' id='word_1_155' title='bbox 1367 1244 1603 1286; x_wconf 90' lang='lat' dir='ltr'><strong>coelestibus</strong></span> <span class='ocrx_word' id='word_1_156' title='bbox 1640 1243 1859 1300; x_wconf 84' lang='lat' dir='ltr'><strong>quadrant.</strong></span> 
     </span>
     <span class='ocr_line' id='line_1_17' title="bbox 151 1314 1862 1374; baseline -0.002 -16"><span class='ocrx_word' id='word_1_157' title='bbox 151 1315 286 1358; x_wconf 72' lang='lat' dir='ltr'><strong>Porro</strong></span> <span class='ocrx_word' id='word_1_158' title='bbox 314 1315 666 1374; x_wconf 89' lang='lat' dir='ltr'><strong>quemadmodum</strong></span> <span class='ocrx_word' id='word_1_159' title='bbox 694 1314 859 1372; x_wconf 85' lang='lat' dir='ltr'><strong>singula</strong></span> <span class='ocrx_word' id='word_1_160' title='bbox 887 1323 1011 1356; x_wconf 88' lang='lat' dir='ltr'><strong>terrae</strong></span> <span class='ocrx_word' id='word_1_161' title='bbox 1039 1314 1132 1356; x_wconf 84' lang='lat' dir='ltr'><strong>loca</strong></span> <span class='ocrx_word' id='word_1_162' title='bbox 1159 1329 1238 1370; x_wconf 88' lang='lat' dir='ltr'><strong>pro</strong></span> <span class='ocrx_word' id='word_1_163' title='bbox 1268 1322 1412 1356; x_wconf 91' lang='lat' dir='ltr'><strong>centro</strong></span> <span class='ocrx_word' id='word_1_164' title='bbox 1441 1314 1620 1371; x_wconf 83' lang='lat' dir='ltr'><strong>sphaerae</strong></span> <span class='ocrx_word' id='word_1_165' title='bbox 1648 1314 1862 1356; x_wconf 87' lang='lat' dir='ltr'><strong>stellarum</strong></span> 
     </span>
     <span class='ocr_line' id='line_1_18' title="bbox 151 1386 1863 1445; baseline -0.003 -14"><span class='ocrx_word' id='word_1_166' title='bbox 151 1389 343 1445; x_wconf 83' lang='lat' dir='ltr'><strong>usurpari</strong></span> <span class='ocrx_word' id='word_1_167' title='bbox 360 1396 511 1445; x_wconf 87' lang='lat' dir='ltr'><strong>potest,</strong></span> <span class='ocrx_word' id='word_1_168' title='bbox 533 1386 592 1429; x_wconf 70' lang='lat' dir='ltr'><strong>ita</strong></span> <span class='ocrx_word' id='word_1_169' title='bbox 610 1387 714 1444; x_wconf 85' lang='lat' dir='ltr'><strong>fingi</strong></span> <span class='ocrx_word' id='word_1_170' title='bbox 731 1395 870 1443; x_wconf 91' lang='lat' dir='ltr'><strong>potest</strong></span> <span class='ocrx_word' id='word_1_171' title='bbox 888 1387 933 1428; x_wconf 90' lang='lat' dir='ltr'><strong>in</strong></span> <span class='ocrx_word' id='word_1_172' title='bbox 953 1387 1095 1442; x_wconf 87' lang='lat' dir='ltr'><strong>spatiis</strong></span> <span class='ocrx_word' id='word_1_173' title='bbox 1122 1387 1357 1429; x_wconf 90' lang='lat' dir='ltr'><strong>coelestibus</strong></span> <span class='ocrx_word' id='word_1_174' title='bbox 1393 1388 1596 1444; x_wconf 85' lang='lat' dir='ltr'><strong>sphaerica</strong></span> <span class='ocrx_word' id='word_1_175' title='bbox 1624 1387 1863 1444; x_wconf 89' lang='lat' dir='ltr'><strong>superficies</strong></span> 
     </span>
     <span class='ocr_line' id='line_1_19' title="bbox 155 1457 1864 1516; baseline -0.002 -13"><span class='ocrx_word' id='word_1_176' title='bbox 155 1461 270 1516; x_wconf 89' lang='lat' dir='ltr'><strong>cujus</strong></span> <span class='ocrx_word' id='word_1_177' title='bbox 291 1468 406 1502; x_wconf 89' lang='lat' dir='ltr'><strong>tanta</strong></span> <span class='ocrx_word' id='word_1_178' title='bbox 424 1460 478 1501; x_wconf 90' lang='lat' dir='ltr'><strong>sit</strong></span> <span class='ocrx_word' id='word_1_179' title='bbox 496 1458 696 1500; x_wconf 88' lang='lat' dir='ltr'><strong>diameter</strong></span> <span class='ocrx_word' id='word_1_180' title='bbox 715 1465 763 1499; x_wconf 92' lang='lat' dir='ltr'><strong>ut</strong></span> <span class='ocrx_word' id='word_1_181' title='bbox 790 1457 900 1499; x_wconf 89' lang='lat' dir='ltr'><strong>illius</strong></span> <span class='ocrx_word' id='word_1_182' title='bbox 928 1465 1120 1514; x_wconf 90' lang='lat' dir='ltr'><strong>respectu</strong></span> <span class='ocrx_word' id='word_1_183' title='bbox 1149 1466 1364 1500; x_wconf 87' lang='lat' dir='ltr'><strong>evanescat</strong></span> <span class='ocrx_word' id='word_1_184' title='bbox 1393 1459 1501 1500; x_wconf 90' lang='lat' dir='ltr'><strong>Solis</strong></span> <span class='ocrx_word' id='word_1_185' title='bbox 1520 1459 1587 1500; x_wconf 89' lang='lat' dir='ltr'><strong>vel</strong></span> <span class='ocrx_word' id='word_1_186' title='bbox 1606 1459 1736 1500; x_wconf 88' lang='lat' dir='ltr'><strong>stellae</strong></span> <span class='ocrx_word' id='word_1_187' title='bbox 1755 1458 1864 1499; x_wconf 84' lang='lat' dir='ltr'><strong>datae</strong></span> 
     </span>
     <span class='ocr_line' id='line_1_20' title="bbox 149 1528 1865 1586; baseline -0.003 -12"><span class='ocrx_word' id='word_1_188' title='bbox 149 1548 176 1574; x_wconf 81' lang='lat' dir='ltr'><strong>a</strong></span> <span class='ocrx_word' id='word_1_189' title='bbox 187 1531 359 1574; x_wconf 87' lang='lat' dir='ltr'><strong>Tellure</strong></span> <span class='ocrx_word' id='word_1_190' title='bbox 371 1530 579 1580; x_wconf 81' lang='lat' dir='ltr'><strong>distantia,</strong></span> <span class='ocrx_word' id='word_1_191' title='bbox 593 1536 635 1572; x_wconf 90' lang='lat' dir='ltr'><strong>et</strong></span> <span class='ocrx_word' id='word_1_192' title='bbox 653 1529 777 1586; x_wconf 91' lang='lat' dir='ltr'><strong>hujus</strong></span> <span class='ocrx_word' id='word_1_193' title='bbox 789 1529 966 1585; x_wconf 86' lang='lat' dir='ltr'><strong>sphaerae</strong></span> <span class='ocrx_word' id='word_1_194' title='bbox 986 1537 1176 1570; x_wconf 89' lang='lat' dir='ltr'><strong>centrum</strong></span> <span class='ocrx_word' id='word_1_195' title='bbox 1194 1528 1348 1583; x_wconf 91' lang='lat' dir='ltr'><strong>poterit</strong></span> <span class='ocrx_word' id='word_1_196' title='bbox 1366 1529 1560 1571; x_wconf 88' lang='lat' dir='ltr'><strong>collocari</strong></span> <span class='ocrx_word' id='word_1_197' title='bbox 1582 1529 1865 1571; x_wconf 85' lang='lat' dir='ltr'><strong>indifferenter</strong></span> 
     </span>
     <span class='ocr_line' id='line_1_21' title="bbox 152 1601 1257 1658; baseline -0.005 -10"><span class='ocrx_word' id='word_1_198' title='bbox 152 1605 219 1648; x_wconf 87' lang='lat' dir='ltr'><strong>vel</strong></span> <span class='ocrx_word' id='word_1_199' title='bbox 237 1605 282 1647; x_wconf 89' lang='lat' dir='ltr'><strong>in</strong></span> <span class='ocrx_word' id='word_1_200' title='bbox 301 1606 412 1648; x_wconf 68' lang='lat' dir='ltr'><strong>terra</strong></span> <span class='ocrx_word' id='word_1_201' title='bbox 432 1604 499 1647; x_wconf 90' lang='lat' dir='ltr'><strong>vel</strong></span> <span class='ocrx_word' id='word_1_202' title='bbox 517 1604 562 1646; x_wconf 92' lang='lat' dir='ltr'><strong>in</strong></span> <span class='ocrx_word' id='word_1_203' title='bbox 583 1603 669 1646; x_wconf 92' lang='lat' dir='ltr'><strong>sole</strong></span> <span class='ocrx_word' id='word_1_204' title='bbox 689 1610 762 1645; x_wconf 88' lang='lat' dir='ltr'><strong>aut</strong></span> <span class='ocrx_word' id='word_1_205' title='bbox 780 1603 826 1644; x_wconf 91' lang='lat' dir='ltr'><strong>in</strong></span> <span class='ocrx_word' id='word_1_206' title='bbox 846 1602 980 1658; x_wconf 88' lang='lat' dir='ltr'><strong>spatio</strong></span> <span class='ocrx_word' id='word_1_207' title='bbox 998 1601 1257 1643; x_wconf 87' lang='lat' dir='ltr'><strong>intermedio.</strong></span> 
     </span>
    </p>

    <p class='ocr_par' dir='ltr' id='par_1_5' title="bbox 154 1673 1869 2095">
     <span class='ocr_line' id='line_1_22' title="bbox 212 1673 1865 1731; baseline -0.004 -11"><span class='ocrx_word' id='word_1_208' title='bbox 212 1683 278 1720; x_wconf 92' lang='grc'><strong>10.</strong></span> <span class='ocrx_word' id='word_1_209' title='bbox 310 1677 497 1720; x_wconf 83' lang='lat' dir='ltr'><strong>Altitudo</strong></span> <span class='ocrx_word' id='word_1_210' title='bbox 518 1677 611 1731; x_wconf 84' lang='lat' dir='ltr'><strong>poli</strong></span> <span class='ocrx_word' id='word_1_211' title='bbox 637 1678 683 1718; x_wconf 93' lang='lat' dir='ltr'><em>P</em></span> <span class='ocrx_word' id='word_1_212' title='bbox 707 1673 833 1731; x_wconf 74' lang='lat' dir='ltr'><strong>suprd</strong></span> <span class='ocrx_word' id='word_1_213' title='bbox 861 1676 1102 1716; x_wconf 80' lang='lat' dir='ltr'><strong>horizontem</strong></span> <span class='ocrx_word' id='word_1_214' title='bbox 1126 1683 1188 1716; x_wconf 91' lang='lat' dir='ltr'><strong>est</strong></span> <span class='ocrx_word' id='word_1_215' title='bbox 1212 1674 1432 1716; x_wconf 88' lang='lat' dir='ltr'><strong>meridiani</strong></span> <span class='ocrx_word' id='word_1_216' title='bbox 1458 1690 1579 1718; x_wconf 87' lang='lat' dir='ltr'><strong>arcus</strong></span> <span class='ocrx_word' id='word_1_217' title='bbox 1602 1675 1639 1717; x_wconf 94' lang='lat' dir='ltr'>P</span> <span class='ocrx_word' id='word_1_218' title='bbox 1660 1675 1702 1717; x_wconf 91' lang='lat' dir='ltr'><strong>R</strong></span> <span class='ocrx_word' id='word_1_219' title='bbox 1722 1689 1747 1716; x_wconf 86' lang='lat' dir='ltr'><strong>a</strong></span> <span class='ocrx_word' id='word_1_220' title='bbox 1765 1673 1865 1729; x_wconf 92' lang='lat' dir='ltr'><strong>polo</strong></span> 
     </span>
     <span class='ocr_line' id='line_1_23' title="bbox 155 1747 1866 1806; baseline -0.004 -13"><span class='ocrx_word' id='word_1_221' title='bbox 155 1750 211 1793; x_wconf 87' lang='lat' dir='ltr'><strong>ad</strong></span> <span class='ocrx_word' id='word_1_222' title='bbox 238 1751 496 1793; x_wconf 90' lang='lat' dir='ltr'><strong>horizontem</strong></span> <span class='ocrx_word' id='word_1_223' title='bbox 524 1750 789 1806; x_wconf 87' lang='lat' dir='ltr'><strong>interceptus.</strong></span> <span class='ocrx_word' id='word_1_224' title='bbox 850 1748 915 1790; x_wconf 86' lang='lat' dir='ltr'><strong>Ea</strong></span> <span class='ocrx_word' id='word_1_225' title='bbox 934 1763 1097 1804; x_wconf 87' lang='lat' dir='ltr'><strong>semper</strong></span> <span class='ocrx_word' id='word_1_226' title='bbox 1122 1748 1293 1804; x_wconf 88' lang='lat' dir='ltr'><strong>aequalis</strong></span> <span class='ocrx_word' id='word_1_227' title='bbox 1313 1756 1376 1790; x_wconf 90' lang='lat' dir='ltr'><strong>est</strong></span> <span class='ocrx_word' id='word_1_228' title='bbox 1395 1748 1511 1790; x_wconf 89' lang='lat' dir='ltr'><strong>arcui</strong></span> <span class='ocrx_word' id='word_1_229' title='bbox 1531 1749 1567 1790; x_wconf 96' lang='lat' dir='ltr'>Z</span> <span class='ocrx_word' id='word_1_230' title='bbox 1587 1747 1646 1789; x_wconf 88' lang='lat' dir='ltr'><strong>AE</strong></span> <span class='ocrx_word' id='word_1_231' title='bbox 1667 1763 1693 1788; x_wconf 90' lang='lat' dir='ltr'><strong>a</strong></span> <span class='ocrx_word' id='word_1_232' title='bbox 1712 1747 1866 1788; x_wconf 87' lang='lat' dir='ltr'><strong>vertice</strong></span> 
     </span>
     <span class='ocr_line' id='line_1_24' title="bbox 155 1819 1867 1879; baseline -0.003 -14"><span class='ocrx_word' id='word_1_233' title='bbox 155 1823 190 1865; x_wconf 93' lang='lat' dir='ltr'>Z</span> <span class='ocrx_word' id='word_1_234' title='bbox 211 1821 266 1865; x_wconf 86' lang='lat' dir='ltr'><strong>ad</strong></span> <span class='ocrx_word' id='word_1_235' title='bbox 283 1830 537 1879; x_wconf 87' lang='lat' dir='ltr'><strong>aequatorem</strong></span> <span class='ocrx_word' id='word_1_236' title='bbox 557 1821 617 1864; x_wconf 88' lang='lat' dir='ltr'><strong>AE</strong></span> <span class='ocrx_word' id='word_1_237' title='bbox 635 1821 679 1872; x_wconf 87' lang='lat' dir='ltr'><strong>Q</strong></span> <span class='ocrx_word' id='word_1_238' title='bbox 698 1821 951 1877; x_wconf 83' lang='lat' dir='ltr'><strong>intercept03</strong></span> <span class='ocrx_word' id='word_1_239' title='bbox 984 1821 1095 1863; x_wconf 89' lang='lat' dir='ltr'><strong>Nam</strong></span> <span class='ocrx_word' id='word_1_240' title='bbox 1115 1821 1150 1862; x_wconf 91' lang='lat' dir='ltr'><strong>si</strong></span> <span class='ocrx_word' id='word_1_241' title='bbox 1169 1836 1223 1862; x_wconf 86' lang='lat' dir='ltr'><strong>ex</strong></span> <span class='ocrx_word' id='word_1_242' title='bbox 1242 1820 1387 1863; x_wconf 91' lang='lat' dir='ltr'><strong>circuli</strong></span> <span class='ocrx_word' id='word_1_243' title='bbox 1406 1821 1703 1878; x_wconf 83' lang='lat' dir='ltr'><strong>quadrantibus</strong></span> <span class='ocrx_word' id='word_1_244' title='bbox 1721 1820 1755 1862; x_wconf 95' lang='lat' dir='ltr'><strong>Z</strong></span> <span class='ocrx_word' id='word_1_245' title='bbox 1773 1819 1809 1861; x_wconf 93' lang='lat' dir='ltr'>P</span> <span class='ocrx_word' id='word_1_246' title='bbox 1826 1819 1867 1860; x_wconf 91' lang='lat' dir='ltr'><strong>R</strong></span> 
     </span>
     <span class='ocr_line' id='line_1_25' title="bbox 154 1890 1867 1948; baseline -0.004 -11"><span class='ocrx_word' id='word_1_247' title='bbox 154 1902 197 1937; x_wconf 91' lang='lat' dir='ltr'><strong>et</strong></span> <span class='ocrx_word' id='word_1_248' title='bbox 216 1894 276 1937; x_wconf 88' lang='lat' dir='ltr'>AE</span> <span class='ocrx_word' id='word_1_249' title='bbox 298 1895 333 1937; x_wconf 93' lang='lat' dir='ltr'>Z</span> <span class='ocrx_word' id='word_1_250' title='bbox 354 1895 392 1938; x_wconf 90' lang='lat' dir='ltr'><strong>P</strong></span> <span class='ocrx_word' id='word_1_251' title='bbox 422 1895 677 1937; x_wconf 87' lang='lat' dir='ltr'><strong>subducatur</strong></span> <span class='ocrx_word' id='word_1_252' title='bbox 704 1909 825 1935; x_wconf 85' lang='lat' dir='ltr'><strong>arcus</strong></span> <span class='ocrx_word' id='word_1_253' title='bbox 855 1894 1084 1935; x_wconf 89' lang='lat' dir='ltr'><strong>communis</strong></span> <span class='ocrx_word' id='word_1_254' title='bbox 1108 1893 1142 1935; x_wconf 96' lang='lat' dir='ltr'>Z</span> <span class='ocrx_word' id='word_1_255' title='bbox 1164 1893 1214 1943; x_wconf 90' lang='lat' dir='ltr'><strong>P,</strong></span> <span class='ocrx_word' id='word_1_256' title='bbox 1245 1893 1519 1935; x_wconf 90' lang='lat' dir='ltr'><strong>remanebunt</strong></span> <span class='ocrx_word' id='word_1_257' title='bbox 1547 1908 1667 1935; x_wconf 84' lang='lat' dir='ltr'><strong>arcus</strong></span> <span class='ocrx_word' id='word_1_258' title='bbox 1686 1890 1867 1948; x_wconf 84' lang='lat' dir='ltr'><strong>aequales</strong></span> 
     </span>
     <span class='ocr_line' id='line_1_26' title="bbox 155 1963 1869 2022; baseline -0.004 -12"><span class='ocrx_word' id='word_1_259' title='bbox 155 1967 215 2009; x_wconf 88' lang='lat' dir='ltr'>AE</span> <span class='ocrx_word' id='word_1_260' title='bbox 246 1966 282 2010; x_wconf 92' lang='lat' dir='ltr'>Z</span> <span class='ocrx_word' id='word_1_261' title='bbox 311 1977 352 2010; x_wconf 86' lang='lat' dir='ltr'><strong>et</strong></span> <span class='ocrx_word' id='word_1_262' title='bbox 383 1968 420 2010; x_wconf 95' lang='lat' dir='ltr'>P</span> <span class='ocrx_word' id='word_1_263' title='bbox 450 1969 504 2010; x_wconf 89' lang='lat' dir='ltr'><strong>R.</strong></span> <span class='ocrx_word' id='word_1_264' title='bbox 564 1967 751 2010; x_wconf 80' lang='lat' dir='ltr'><strong>Altitudo</strong></span> <span class='ocrx_word' id='word_1_265' title='bbox 779 1966 996 2022; x_wconf 81' lang='lat' dir='ltr'><strong>aequatoris</strong></span> <span class='ocrx_word' id='word_1_266' title='bbox 1014 1964 1139 2020; x_wconf 75' lang='lat' dir='ltr'><strong>suprd</strong></span> <span class='ocrx_word' id='word_1_267' title='bbox 1157 1966 1399 2008; x_wconf 78' lang='lat' dir='ltr'><strong>horizontem</strong></span> <span class='ocrx_word' id='word_1_268' title='bbox 1419 1973 1483 2008; x_wconf 90' lang='lat' dir='ltr'><strong>est</strong></span> <span class='ocrx_word' id='word_1_269' title='bbox 1501 1981 1621 2007; x_wconf 89' lang='lat' dir='ltr'><strong>arcus</strong></span> <span class='ocrx_word' id='word_1_270' title='bbox 1650 1963 1869 2005; x_wconf 83' lang='lat' dir='ltr'><strong>meridiani</strong></span> 
     </span>
     <span class='ocr_line' id='line_1_27' title="bbox 157 2034 1869 2095; baseline -0.002 -15"><span class='ocrx_word' id='word_1_271' title='bbox 157 2038 217 2080; x_wconf 89' lang='lat' dir='ltr'>AE</span> <span class='ocrx_word' id='word_1_272' title='bbox 239 2038 302 2089; x_wconf 89' lang='lat' dir='ltr'><strong>H,</strong></span> <span class='ocrx_word' id='word_1_273' title='bbox 332 2038 440 2080; x_wconf 91' lang='lat' dir='ltr'><strong>inter</strong></span> <span class='ocrx_word' id='word_1_274' title='bbox 468 2047 722 2095; x_wconf 87' lang='lat' dir='ltr'><strong>aequatorem</strong></span> <span class='ocrx_word' id='word_1_275' title='bbox 750 2046 792 2080; x_wconf 90' lang='lat' dir='ltr'><strong>et</strong></span> <span class='ocrx_word' id='word_1_276' title='bbox 817 2038 1078 2081; x_wconf 86' lang='lat' dir='ltr'><strong>horizontem</strong></span> <span class='ocrx_word' id='word_1_277' title='bbox 1107 2037 1359 2094; x_wconf 88' lang='lat' dir='ltr'><strong>interceptus</strong></span> <span class='ocrx_word' id='word_1_278' title='bbox 1370 2053 1383 2087; x_wconf 82' lang='lat'><em>3</em></span> <span class='ocrx_word' id='word_1_279' title='bbox 1413 2037 1582 2094; x_wconf 85' lang='lat' dir='ltr'><strong>aequalis</strong></span> <span class='ocrx_word' id='word_1_280' title='bbox 1603 2044 1666 2078; x_wconf 90' lang='lat' dir='ltr'><strong>est</strong></span> <span class='ocrx_word' id='word_1_281' title='bbox 1686 2034 1869 2091; x_wconf 89' lang='lat' dir='ltr'><strong>comple-</strong></span> 
     </span>
    </p>
   </div>
   <div class='ocr_carea' id='block_1_4' title="bbox 156 2107 1947 2168">
    <p class='ocr_par' dir='ltr' id='par_1_6' title="bbox 156 2107 1947 2168">
     <span class='ocr_line' id='line_1_28' title="bbox 156 2107 1947 2168; baseline -0.003 -16"><span class='ocrx_word' id='word_1_282' title='bbox 156 2119 300 2153; x_wconf 90' lang='lat' dir='ltr'><strong>mento</strong></span> <span class='ocrx_word' id='word_1_283' title='bbox 332 2112 559 2154; x_wconf 82' lang='lat' dir='ltr'><strong>altitudinis</strong></span> <span class='ocrx_word' id='word_1_284' title='bbox 591 2111 680 2168; x_wconf 93' lang='lat' dir='ltr'><strong>poli</strong></span> <span class='ocrx_word' id='word_1_285' title='bbox 711 2126 784 2153; x_wconf 87' lang='lat' dir='ltr'><strong>seu</strong></span> <span class='ocrx_word' id='word_1_286' title='bbox 816 2111 932 2152; x_wconf 87' lang='lat' dir='ltr'><strong>arcui</strong></span> <span class='ocrx_word' id='word_1_287' title='bbox 969 2111 1003 2152; x_wconf 95' lang='lat' dir='ltr'>Z</span> <span class='ocrx_word' id='word_1_288' title='bbox 1044 2110 1094 2161; x_wconf 94' lang='lat' dir='ltr'><strong>P,</strong></span> <span class='ocrx_word' id='word_1_289' title='bbox 1132 2110 1259 2167; x_wconf 88' lang='lat' dir='ltr'><strong>quod,</strong></span> <span class='ocrx_word' id='word_1_290' title='bbox 1300 2110 1440 2153; x_wconf 69' lang='lat' dir='ltr'><strong>ablato</strong></span> <span class='ocrx_word' id='word_1_291' title='bbox 1478 2123 1533 2152; x_wconf 86' lang='lat' dir='ltr'><strong>ex</strong></span> <span class='ocrx_word' id='word_1_292' title='bbox 1571 2107 1868 2166; x_wconf 81' lang='lat' dir='ltr'><strong>quadrantibus</strong></span> <span class='ocrx_word' id='word_1_293' title='bbox 1942 2141 1947 2147; x_wconf 92' lang='lat'><strong>.</strong></span> 
     </span>
    </p>
   </div>
   <div class='ocr_carea' id='block_1_5' title="bbox 156 2181 1870 2962">
    <p class='ocr_par' dir='ltr' id='par_1_7' title="bbox 156 2181 1870 2726">
     <span class='ocr_line' id='line_1_29' title="bbox 158 2181 1870 2237; baseline -0.003 -11"><span class='ocrx_word' id='word_1_294' title='bbox 158 2184 209 2226; x_wconf 97' lang='lat' dir='ltr'>H</span> <span class='ocrx_word' id='word_1_295' title='bbox 230 2185 290 2227; x_wconf 90' lang='lat' dir='ltr'><strong>AE</strong></span> <span class='ocrx_word' id='word_1_296' title='bbox 308 2186 342 2228; x_wconf 94' lang='lat' dir='ltr'>Z</span> <span class='ocrx_word' id='word_1_297' title='bbox 357 2193 399 2228; x_wconf 89' lang='lat' dir='ltr'><strong>et</strong></span> <span class='ocrx_word' id='word_1_298' title='bbox 419 2185 478 2227; x_wconf 64' lang='grc' dir='ltr'><strong>ΖΕ</strong></span> <span class='ocrx_word' id='word_1_299' title='bbox 497 2186 530 2228; x_wconf 96' lang='grc' dir='ltr'><strong>Ζ</strong></span> <span class='ocrx_word' id='word_1_300' title='bbox 547 2186 584 2228; x_wconf 93' lang='lat' dir='ltr'>P</span> <span class='ocrx_word' id='word_1_301' title='bbox 604 2184 814 2227; x_wconf 89' lang='lat' dir='ltr'><strong>communi</strong></span> <span class='ocrx_word' id='word_1_302' title='bbox 834 2198 934 2225; x_wconf 87' lang='lat' dir='ltr'><strong>arcu</strong></span> <span class='ocrx_word' id='word_1_303' title='bbox 954 2182 1014 2225; x_wconf 86' lang='lat' dir='ltr'><strong>AE</strong></span> <span class='ocrx_word' id='word_1_304' title='bbox 1031 2183 1066 2226; x_wconf 94' lang='lat' dir='ltr'>Z</span> <span class='ocrx_word' id='word_1_305' title='bbox 1082 2182 1347 2225; x_wconf 87' lang='lat' dir='ltr'><strong>manifestum</strong></span> <span class='ocrx_word' id='word_1_306' title='bbox 1362 2189 1436 2225; x_wconf 89' lang='lat' dir='ltr'><strong>est.</strong></span> <span class='ocrx_word' id='word_1_307' title='bbox 1466 2181 1653 2223; x_wconf 83' lang='lat' dir='ltr'><strong>Altitudo</strong></span> <span class='ocrx_word' id='word_1_308' title='bbox 1667 2195 1870 2237; x_wconf 81' lang='lat' dir='ltr'><strong>apparens</strong></span> 
     </span>
     <span class='ocr_line' id='line_1_30' title="bbox 156 2251 1867 2313; baseline -0.001 -17"><span class='ocrx_word' id='word_1_309' title='bbox 156 2254 301 2298; x_wconf 87' lang='lat' dir='ltr'><strong>sideris</strong></span> <span class='ocrx_word' id='word_1_310' title='bbox 330 2254 396 2298; x_wconf 88' lang='lat' dir='ltr'><strong>vel</strong></span> <span class='ocrx_word' id='word_1_311' title='bbox 423 2256 569 2313; x_wconf 88' lang='lat' dir='ltr'><strong>puncti</strong></span> <span class='ocrx_word' id='word_1_312' title='bbox 600 2252 817 2311; x_wconf 90' lang='lat' dir='ltr'><strong>cujuslibet</strong></span> <span class='ocrx_word' id='word_1_313' title='bbox 847 2253 886 2296; x_wconf 95' lang='lat' dir='ltr'>L</span> <span class='ocrx_word' id='word_1_314' title='bbox 915 2252 960 2294; x_wconf 90' lang='lat' dir='ltr'><strong>in</strong></span> <span class='ocrx_word' id='word_1_315' title='bbox 989 2251 1153 2309; x_wconf 68' lang='lat' dir='ltr'><strong>sphaerz&#39;i</strong></span> <span class='ocrx_word' id='word_1_316' title='bbox 1180 2251 1405 2303; x_wconf 66' lang='lat' dir='ltr'><strong>mundana,</strong></span> <span class='ocrx_word' id='word_1_317' title='bbox 1436 2259 1499 2294; x_wconf 90' lang='lat' dir='ltr'><strong>est</strong></span> <span class='ocrx_word' id='word_1_318' title='bbox 1517 2251 1694 2311; x_wconf 86' lang='lat' dir='ltr'><strong>angulus</strong></span> <span class='ocrx_word' id='word_1_319' title='bbox 1715 2251 1755 2294; x_wconf 94' lang='lat' dir='ltr'>L</span> <span class='ocrx_word' id='word_1_320' title='bbox 1778 2253 1808 2294; x_wconf 90' lang='lat' dir='ltr'>S</span> <span class='ocrx_word' id='word_1_321' title='bbox 1828 2267 1867 2302; x_wconf 79' lang='lat' dir='ltr'><strong>V,</strong></span> 
     </span>
     <span class='ocr_line' id='line_1_31' title="bbox 160 2323 1870 2383; baseline -0.003 -14"><span class='ocrx_word' id='word_1_322' title='bbox 160 2326 238 2368; x_wconf 87' lang='lat' dir='ltr'><strong>sub</strong></span> <span class='ocrx_word' id='word_1_323' title='bbox 268 2342 351 2383; x_wconf 91' lang='lat' dir='ltr'><strong>quo</strong></span> <span class='ocrx_word' id='word_1_324' title='bbox 380 2342 434 2369; x_wconf 87' lang='lat' dir='ltr'><strong>ex</strong></span> <span class='ocrx_word' id='word_1_325' title='bbox 463 2336 606 2369; x_wconf 86' lang='lat' dir='ltr'><strong>centro</strong></span> <span class='ocrx_word' id='word_1_326' title='bbox 639 2326 670 2368; x_wconf 92' lang='lat' dir='ltr'>S</span> <span class='ocrx_word' id='word_1_327' title='bbox 697 2324 925 2366; x_wconf 89' lang='lat' dir='ltr'><strong>horizontis</strong></span> <span class='ocrx_word' id='word_1_328' title='bbox 956 2323 1160 2366; x_wconf 83' lang='lat' dir='ltr'><strong>sensibilis</strong></span> <span class='ocrx_word' id='word_1_329' title='bbox 1187 2323 1352 2365; x_wconf 86' lang='lat' dir='ltr'><strong>videtur</strong></span> <span class='ocrx_word' id='word_1_330' title='bbox 1371 2338 1491 2378; x_wconf 78' lang='lat' dir='ltr'><strong>arcus</strong></span> <span class='ocrx_word' id='word_1_331' title='bbox 1511 2323 1551 2366; x_wconf 94' lang='lat' dir='ltr'>L</span> <span class='ocrx_word' id='word_1_332' title='bbox 1569 2339 1597 2365; x_wconf 88' lang='lat' dir='ltr'>v</span> <span class='ocrx_word' id='word_1_333' title='bbox 1617 2323 1760 2366; x_wconf 88' lang='lat' dir='ltr'><strong>circuli</strong></span> <span class='ocrx_word' id='word_1_334' title='bbox 1777 2337 1870 2364; x_wconf 86' lang='lat' dir='ltr'><strong>ver-</strong></span> 
     </span>
     <span class='ocr_line' id='line_1_32' title="bbox 158 2394 1869 2454; baseline -0.002 -15"><span class='ocrx_word' id='word_1_335' title='bbox 158 2397 290 2439; x_wconf 82' lang='lat' dir='ltr'><strong>ticalis</strong></span> <span class='ocrx_word' id='word_1_336' title='bbox 318 2413 395 2454; x_wconf 84' lang='lat' dir='ltr'><strong>per</strong></span> <span class='ocrx_word' id='word_1_337' title='bbox 426 2398 465 2441; x_wconf 93' lang='lat' dir='ltr'>L</span> <span class='ocrx_word' id='word_1_338' title='bbox 494 2398 609 2440; x_wconf 90' lang='lat' dir='ltr'><strong>ducti</strong></span> <span class='ocrx_word' id='word_1_339' title='bbox 638 2395 770 2453; x_wconf 76' lang='lat' dir='ltr'><strong>usque</strong></span> <span class='ocrx_word' id='word_1_340' title='bbox 799 2395 854 2437; x_wconf 88' lang='lat' dir='ltr'><strong>ad</strong></span> <span class='ocrx_word' id='word_1_341' title='bbox 885 2395 1144 2437; x_wconf 88' lang='lat' dir='ltr'><strong>horizontem</strong></span> <span class='ocrx_word' id='word_1_342' title='bbox 1177 2394 1413 2436; x_wconf 87' lang='lat' dir='ltr'><strong>sensibilem</strong></span> <span class='ocrx_word' id='word_1_343' title='bbox 1437 2394 1468 2436; x_wconf 91' lang='lat' dir='ltr'><strong>h</strong></span> <span class='ocrx_word' id='word_1_344' title='bbox 1486 2410 1513 2436; x_wconf 88' lang='lat' dir='ltr'>v</span> <span class='ocrx_word' id='word_1_345' title='bbox 1531 2410 1554 2437; x_wconf 91' lang='lat' dir='ltr'><strong>r</strong></span> <span class='ocrx_word' id='word_1_346' title='bbox 1572 2409 1615 2436; x_wconf 88' lang='lat' dir='ltr'><strong>x.</strong></span> <span class='ocrx_word' id='word_1_347' title='bbox 1676 2394 1869 2437; x_wconf 89' lang='lat' dir='ltr'><strong>Altitudo</strong></span> 
     </span>
     <span class='ocr_line' id='line_1_33' title="bbox 157 2467 1867 2527; baseline -0.001 -16"><span class='ocrx_word' id='word_1_348' title='bbox 157 2481 256 2511; x_wconf 84' lang='lat' dir='ltr'><strong>vera</strong></span> <span class='ocrx_word' id='word_1_349' title='bbox 283 2470 428 2526; x_wconf 87' lang='lat' dir='ltr'><strong>puncti</strong></span> <span class='ocrx_word' id='word_1_350' title='bbox 459 2469 499 2512; x_wconf 94' lang='lat' dir='ltr'>L</span> <span class='ocrx_word' id='word_1_351' title='bbox 528 2477 607 2513; x_wconf 58' lang='lat' dir='ltr'><strong>esti¹</strong></span> <span class='ocrx_word' id='word_1_352' title='bbox 618 2469 793 2527; x_wconf 86' lang='lat' dir='ltr'><strong>angulus</strong></span> <span class='ocrx_word' id='word_1_353' title='bbox 823 2468 862 2511; x_wconf 96' lang='lat' dir='ltr'>L</span> <span class='ocrx_word' id='word_1_354' title='bbox 893 2468 935 2511; x_wconf 96' lang='lat' dir='ltr'>T</span> <span class='ocrx_word' id='word_1_355' title='bbox 964 2468 1018 2519; x_wconf 93' lang='lat' dir='ltr'><strong>V,</strong></span> <span class='ocrx_word' id='word_1_356' title='bbox 1050 2483 1124 2510; x_wconf 90' lang='lat' dir='ltr'><strong>seu</strong></span> <span class='ocrx_word' id='word_1_357' title='bbox 1152 2467 1281 2524; x_wconf 90' lang='lat' dir='ltr'><strong>ipsius</strong></span> <span class='ocrx_word' id='word_1_358' title='bbox 1309 2482 1504 2510; x_wconf 87' lang='lat' dir='ltr'><strong>mensura</strong></span> <span class='ocrx_word' id='word_1_359' title='bbox 1533 2483 1653 2510; x_wconf 87' lang='lat' dir='ltr'><strong>arcus</strong></span> <span class='ocrx_word' id='word_1_360' title='bbox 1688 2468 1727 2509; x_wconf 95' lang='lat' dir='ltr'>L</span> <span class='ocrx_word' id='word_1_361' title='bbox 1754 2467 1796 2509; x_wconf 83' lang='lat' dir='ltr'><strong>V</strong></span> <span class='ocrx_word' id='word_1_362' title='bbox 1822 2468 1867 2509; x_wconf 91' lang='lat' dir='ltr'><strong>in</strong></span> 
     </span>
     <span class='ocr_line' id='line_1_34' title="bbox 163 2536 1864 2598; baseline -0.001 -17"><span class='ocrx_word' id='word_1_363' title='bbox 163 2539 320 2582; x_wconf 88' lang='lat' dir='ltr'><strong>circulo</strong></span> <span class='ocrx_word' id='word_1_364' title='bbox 338 2541 520 2583; x_wconf 82' lang='lat' dir='ltr'><strong>verticali</strong></span> <span class='ocrx_word' id='word_1_365' title='bbox 538 2555 616 2598; x_wconf 87' lang='lat' dir='ltr'><strong>per</strong></span> <span class='ocrx_word' id='word_1_366' title='bbox 636 2539 675 2582; x_wconf 93' lang='lat' dir='ltr'>L</span> <span class='ocrx_word' id='word_1_367' title='bbox 695 2540 821 2581; x_wconf 88' lang='lat' dir='ltr'><strong>ducto</strong></span> <span class='ocrx_word' id='word_1_368' title='bbox 840 2537 972 2596; x_wconf 73' lang='lat' dir='ltr'><strong>usque</strong></span> <span class='ocrx_word' id='word_1_369' title='bbox 992 2538 1047 2580; x_wconf 85' lang='lat' dir='ltr'><strong>ad</strong></span> <span class='ocrx_word' id='word_1_370' title='bbox 1065 2538 1323 2581; x_wconf 86' lang='lat' dir='ltr'><strong>horizontem</strong></span> <span class='ocrx_word' id='word_1_371' title='bbox 1342 2538 1586 2581; x_wconf 86' lang='lat' dir='ltr'><strong>rationalem</strong></span> <span class='ocrx_word' id='word_1_372' title='bbox 1608 2539 1658 2581; x_wconf 97' lang='lat' dir='ltr'>H</span> <span class='ocrx_word' id='word_1_373' title='bbox 1678 2538 1719 2580; x_wconf 94' lang='lat' dir='ltr'><strong>V</strong></span> <span class='ocrx_word' id='word_1_374' title='bbox 1741 2538 1782 2580; x_wconf 90' lang='lat' dir='ltr'><strong>R</strong></span> <span class='ocrx_word' id='word_1_375' title='bbox 1803 2536 1864 2581; x_wconf 86' lang='lat' dir='ltr'><strong>X.</strong></span> 
     </span>
     <span class='ocr_line' id='line_1_35' title="bbox 162 2606 1865 2672; baseline -0.001 -17"><span class='ocrx_word' id='word_1_376' title='bbox 162 2606 287 2655; x_wconf 67' lang='lat' dir='ltr'><strong>Unde</strong></span> <span class='ocrx_word' id='word_1_377' title='bbox 323 2611 385 2668; x_wconf 83' lang='lat'><strong>(9)</strong></span> <span class='ocrx_word' id='word_1_378' title='bbox 426 2613 635 2655; x_wconf 88' lang='lat' dir='ltr'><strong>stellarum</strong></span> <span class='ocrx_word' id='word_1_379' title='bbox 674 2612 854 2654; x_wconf 85' lang='lat' dir='ltr'><strong>fixarum</strong></span> <span class='ocrx_word' id='word_1_380' title='bbox 889 2620 932 2655; x_wconf 89' lang='lat' dir='ltr'><strong>et</strong></span> <span class='ocrx_word' id='word_1_381' title='bbox 966 2610 1075 2655; x_wconf 90' lang='lat' dir='ltr'><strong>Solis</strong></span> <span class='ocrx_word' id='word_1_382' title='bbox 1114 2611 1350 2655; x_wconf 85' lang='lat' dir='ltr'><strong>altitudines</strong></span> <span class='ocrx_word' id='word_1_383' title='bbox 1389 2620 1636 2668; x_wconf 84' lang='lat' dir='ltr'><strong>apparentes</strong></span> <span class='ocrx_word' id='word_1_384' title='bbox 1674 2618 1716 2654; x_wconf 89' lang='lat' dir='ltr'><strong>et</strong></span> <span class='ocrx_word' id='word_1_385' title='bbox 1754 2626 1865 2672; x_wconf 67' lang='lat' dir='ltr'><strong>verae</strong></span> 
     </span>
     <span class='ocr_line' id='line_1_36' title="bbox 161 2683 414 2726; baseline 0.004 -1"><span class='ocrx_word' id='word_1_386' title='bbox 161 2683 414 2726; x_wconf 85' lang='lat' dir='ltr'><strong>coincidunt.</strong></span> 
     </span>
    </p>

    <p class='ocr_par' dir='ltr' id='par_1_8' title="bbox 162 2754 1870 2962">
     <span class='ocr_line' id='line_1_37' title="bbox 225 2754 1869 2814; baseline 0.001 -17"><span class='ocrx_word' id='word_1_387' title='bbox 225 2759 291 2798; x_wconf 92' lang='lat'><strong>11.</strong></span> <span class='ocrx_word' id='word_1_388' title='bbox 322 2755 416 2798; x_wconf 82' lang='lat' dir='ltr'><strong>Jam</strong></span> <span class='ocrx_word' id='word_1_389' title='bbox 446 2754 546 2798; x_wconf 75' lang='lat' dir='ltr'><strong>vero</strong></span> <span class='ocrx_word' id='word_1_390' title='bbox 584 2755 665 2813; x_wconf 65' lang='lat' dir='ltr'><strong>qua</strong></span> <span class='ocrx_word' id='word_1_391' title='bbox 695 2757 855 2799; x_wconf 87' lang='lat' dir='ltr'><strong>ratione</strong></span> <span class='ocrx_word' id='word_1_392' title='bbox 883 2755 1162 2813; x_wconf 89' lang='lat' dir='ltr'><strong>phaenomena</strong></span> <span class='ocrx_word' id='word_1_393' title='bbox 1191 2771 1286 2814; x_wconf 87' lang='lat' dir='ltr'><strong>quae</strong></span> <span class='ocrx_word' id='word_1_394' title='bbox 1315 2756 1441 2812; x_wconf 66' lang='lat' dir='ltr'><strong>supra</strong></span> <span class='ocrx_word' id='word_1_395' title='bbox 1468 2755 1695 2807; x_wconf 83' lang='lat' dir='ltr'><strong>retulimus,</strong></span> <span class='ocrx_word' id='word_1_396' title='bbox 1724 2763 1766 2798; x_wconf 89' lang='lat' dir='ltr'><strong>et</strong></span> <span class='ocrx_word' id='word_1_397' title='bbox 1788 2756 1869 2798; x_wconf 84' lang='lat' dir='ltr'><strong>alia</strong></span> 
     </span>
     <span class='ocr_line' id='line_1_38' title="bbox 163 2826 1870 2886; baseline 0.001 -17"><span class='ocrx_word' id='word_1_398' title='bbox 163 2837 259 2884; x_wconf 81' lang='lat' dir='ltr'><strong>quae</strong></span> <span class='ocrx_word' id='word_1_399' title='bbox 302 2826 497 2884; x_wconf 89' lang='lat' dir='ltr'><strong>deinceps</strong></span> <span class='ocrx_word' id='word_1_400' title='bbox 541 2829 780 2881; x_wconf 85' lang='lat' dir='ltr'><strong>referemus,</strong></span> <span class='ocrx_word' id='word_1_401' title='bbox 822 2830 1034 2872; x_wconf 89' lang='lat' dir='ltr'><strong>observari</strong></span> <span class='ocrx_word' id='word_1_402' title='bbox 1061 2831 1286 2886; x_wconf 87' lang='lat' dir='ltr'><strong>potuerint,</strong></span> <span class='ocrx_word' id='word_1_403' title='bbox 1328 2830 1470 2886; x_wconf 88' lang='lat' dir='ltr'><strong>paucis</strong></span> <span class='ocrx_word' id='word_1_404' title='bbox 1503 2843 1758 2886; x_wconf 87' lang='lat' dir='ltr'><strong>exponemus</strong></span> <span class='ocrx_word' id='word_1_405' title='bbox 1769 2846 1782 2881; x_wconf 88' lang='lat'>;</span> <span class='ocrx_word' id='word_1_406' title='bbox 1827 2838 1870 2871; x_wconf 87' lang='lat' dir='ltr'><strong>et</strong></span> 
     </span>
     <span class='ocr_line' id='line_1_39' title="bbox 162 2899 1870 2962; baseline 0.002 -21"><span class='ocrx_word' id='word_1_407' title='bbox 162 2899 329 2956; x_wconf 84' lang='lat' dir='ltr'><strong>quidem</strong></span> <span class='ocrx_word' id='word_1_408' title='bbox 360 2900 413 2942; x_wconf 82' lang='lat' dir='ltr'><strong>ab</strong></span> <span class='ocrx_word' id='word_1_409' title='bbox 434 2901 720 2944; x_wconf 85' lang='lat' dir='ltr'><strong>observatione</strong></span> <span class='ocrx_word' id='word_1_410' title='bbox 750 2902 980 2945; x_wconf 76' lang='lat' dir='ltr'><strong>altitudinis</strong></span> <span class='ocrx_word' id='word_1_411' title='bbox 1014 2904 1251 2960; x_wconf 86' lang='lat' dir='ltr'><strong>apparentis</strong></span> <span class='ocrx_word' id='word_1_412' title='bbox 1281 2903 1461 2946; x_wconf 89' lang='lat' dir='ltr'><strong>siderum</strong></span> <span class='ocrx_word' id='word_1_413' title='bbox 1490 2920 1584 2962; x_wconf 85' lang='lat' dir='ltr'><strong>quae</strong></span> <span class='ocrx_word' id='word_1_414' title='bbox 1611 2905 1870 2961; x_wconf 87' lang='lat' dir='ltr'><strong>praecipuum</strong></span> 
     </span>
    </p>
   </div>
   <div class='ocr_carea' id='block_1_6' title="bbox 167 2973 1869 3033">
    <p class='ocr_par' dir='ltr' id='par_1_9' title="bbox 167 2973 1869 3033">
     <span class='ocr_line' id='line_1_40' title="bbox 167 2973 1869 3033; baseline 0 -17"><span class='ocrx_word' id='word_1_415' title='bbox 167 2973 295 3017; x_wconf 76' lang='lat' dir='ltr'><strong>totius</strong></span> <span class='ocrx_word' id='word_1_416' title='bbox 317 2974 597 3018; x_wconf 85' lang='lat' dir='ltr'><strong>Astronomiae</strong></span> <span class='ocrx_word' id='word_1_417' title='bbox 616 2974 930 3021; x_wconf 84' lang='lat' dir='ltr'><strong>fundamentum</strong></span> <span class='ocrx_word' id='word_1_418' title='bbox 951 2986 1026 3031; x_wconf 90' lang='lat' dir='ltr'><strong>est,</strong></span> <span class='ocrx_word' id='word_1_419' title='bbox 1050 2978 1212 3021; x_wconf 87' lang='lat' dir='ltr'><strong>initium</strong></span> <span class='ocrx_word' id='word_1_420' title='bbox 1228 2978 1439 3021; x_wconf 87' lang='lat' dir='ltr'><strong>ducemus.</strong></span> <span class='ocrx_word' id='word_1_421' title='bbox 1485 2977 1642 3021; x_wconf 87' lang='lat' dir='ltr'><strong>Circuli</strong></span> <span class='ocrx_word' id='word_1_422' title='bbox 1662 2975 1869 3033; x_wconf 83' lang='lat' dir='ltr'><strong>quadrans</strong></span> 
     </span>
    </p>
   </div>
  </div>
 </body>
</html>
