2092 3470
272 202 359 243 288
603 199 958 249 INQUISITIO
990 199 1262 242 PHYSICA
1294 199 1357 241 IN
1391 199 1650 242 CAUSAM

274 316 508 372 conjunctio
538 316 623 358 sive
653 317 858 372 oppositio
886 316 1151 358 luminarium
1179 330 1323 357 verum
1350 315 1565 358 meridiem
1593 315 1658 357 vel
1687 315 1886 371 praecedit
1909 316 1977 359 vel

274 388 469 444 sequitur,
492 387 706 442 duplicari,
728 389 980 445 totidemque
1001 389 1158 429 minuta
1177 389 1311 442 prima
1325 389 1375 430 ad
1397 397 1558 444 tempus
1573 389 1755 432 medium
1770 396 1972 439 notatum,

273 473 356 515 quo
383 459 520 500 fluxus
551 460 715 501 evenire
742 444 858 510 solet,
892 460 954 500 vel
984 459 1081 500 addi
1110 459 1175 500 vel
1203 459 1255 500 ab
1276 475 1326 501 eo
1346 460 1545 510 subtrahi,
1568 476 1650 516 quo
1671 475 1812 502 verum
1833 459 1975 502 fluxfis

270 538 526 571 momentum
560 530 804 572 obtineatur.
881 530 1091 580 Quoniam
1132 538 1269 572 autem
1307 531 1399 572 haec
1439 523 1639 574 correctio
1671 532 1817 573 nititur
1855 538 1976 579 motu

272 601 407 643 Lunae
436 601 587 652 medio,
616 603 879 657 perspicuum
910 610 971 643 est
1000 617 1090 643 eam
1121 603 1374 644 correctione
1403 603 1590 644 ulteriori
1618 618 1723 658 opus
1749 604 1916 654 habere,
1946 618 1973 645 a
2026 611 2041 615 “’

269 687 369 714 vero
390 673 524 714 Lunae
545 681 659 714 motu
679 673 819 728 petita,
843 689 935 729 quae
951 673 1048 715 vero
1067 673 1311 730 plerumque
1327 675 1405 716 erit
1424 675 1684 726 insensibilis,
1701 674 1796 717 cum
1811 690 1972 717 summa

269 760 387 801 aquae
408 747 578 788 elevatio
598 761 682 787 non
703 746 839 788 subito
859 746 977 798 adsit,
1001 746 1073 788 sed
1092 762 1168 801 per
1188 755 1351 801 tempus
1373 748 1469 789 satis
1489 747 1671 789 notabile
1691 747 1824 788 duret.

324 822 354 871 ᾗ.
377 825 444 860 61.
477 819 570 860 Nisi
599 828 735 859 autem
765 819 985 860 luminaria
1013 819 1205 874 proxima
1225 819 1307 860 sint
1327 818 1393 860 vel
1413 818 1692 874 conjunctioni
1710 817 1775 859 vel
1805 817 1971 872 opposi-

267 888 381 939 tioni,
405 890 587 930 maxima
606 889 731 929 maris
752 889 929 931 elevatio¹
945 904 1029 930 non
1059 891 1102 930 in
1131 890 1269 944 ipsum
1294 890 1428 931 Lunae
1448 889 1663 931 transitum
1683 903 1758 943 per
1776 888 1973 932 meridia-

265 975 365 1002 num
400 961 563 1002 incidet.
628 960 839 1009 Quoniam
873 962 982 1002 enirn
1020 963 1141 1004 Luna
1173 964 1271 1004 dum
1304 978 1435 1018 prope
1465 963 1740 1004 meridianum
1768 969 1967 1012 versatur,

263 1047 340 1087 per
369 1032 537 1087 aliquod
565 1040 727 1087 tempus
758 1033 931 1074 eandem
960 1034 1218 1076 altitudinem
1238 1043 1466 1086 conservat,
1492 1029 1693 1090 tantisper
1713 1035 1836 1077 etiam
1855 1047 1972 1076 mare

265 1104 440 1145 eandem
470 1103 738 1144 elevationem
769 1104 982 1154 retinebit3
1014 1113 1055 1146 et
1082 1105 1191 1146 hanc
1212 1106 1266 1146 ob
1287 1120 1374 1146 rem
1395 1106 1428 1146 si
1455 1106 1527 1147 Sol
1546 1106 1702 1147 interea
1723 1105 1981 1147 sensibiliter‘

263 1175 328 1215 vel
358 1175 410 1214 ab
439 1173 654 1214 horizonte
684 1175 863 1224 recedat,
886 1174 948 1215 vel
972 1174 1026 1216 ad
1049 1175 1226 1216 eundem
1246 1175 1427 1225 accedat,
1459 1176 1519 1216 vis
1552 1175 1660 1217 Solis
1681 1175 1734 1217 ad
1753 1191 1867 1217 mare
1887 1175 1970 1218 ele-

263 1244 443 1285 vandum
472 1244 537 1285 vel
568 1254 726 1286 crescet
754 1245 1012 1296 sensibiliter,
1044 1246 1109 1286 vel
1135 1246 1366 1295 decrescet3
1397 1261 1450 1287 ex
1470 1261 1552 1302 quo
1573 1247 1674 1287 dum
1695 1247 1817 1288 Luna
1836 1262 1968 1302 prope

262 1305 543 1363 meridianum
574 1316 722 1366 existit,
755 1316 847 1357 fieri
875 1325 1026 1370 potest,
1059 1325 1105 1358 ut
1133 1325 1271 1358 tamen
1300 1332 1413 1358 mare
1434 1318 1656 1359 etiamnum
1678 1318 1872 1369 elevetur,
1904 1320 1970 1361 vel

231 1395 234 1397 ’
262 1387 367 1430 adeo
393 1389 484 1443 jam
515 1388 772 1443 deprimatur
804 1405 829 1429 a
851 1389 959 1430 Sole.
1020 1389 1088 1430 Ex
1120 1389 1184 1430 his
1219 1390 1344 1446 igitur
1374 1390 1638 1445 perspicuum
1673 1398 1735 1432 est
1769 1404 1971 1448 summam

214 1515 216 1517 Ι
258 1462 383 1502 maris
405 1462 663 1503 altitudinem
684 1462 841 1503 tardius
870 1477 940 1503 seu
961 1471 1056 1517 post
1075 1463 1293 1503 transitum
1322 1462 1456 1503 Lunae
1475 1477 1550 1517 per
1570 1463 1843 1507 meridianum
1862 1464 1970 1506 acci-

259 1533 358 1574 dere
392 1533 555 1583 debere,
591 1534 625 1574 si
658 1548 707 1574 eo
739 1542 929 1587 tempore
965 1533 1036 1575 Sol
1069 1533 1120 1573 ab
1152 1533 1366 1575 horizonte
1398 1533 1578 1584 accedat,
1612 1533 1654 1575 id
1686 1534 1799 1589 quod
1834 1534 1971 1575 evenit

258 1605 402 1647 diebus
442 1605 700 1646 novilunium
739 1613 780 1646 et
818 1606 1090 1660 plenilunium
1130 1605 1470 1659 praecedentibus.
1516 1620 1526 1631 ·
1562 1604 1720 1646 Contra
1757 1614 1893 1646 autem
1934 1605 1971 1647 si

260 1677 383 1719 Luna
411 1686 505 1732 post
537 1678 677 1719 Solem
706 1692 782 1732 per
812 1677 1086 1718 meridianum
1115 1685 1308 1726 transeat,
1340 1677 1465 1732 idque
1485 1676 1550 1718 vel
1579 1684 1674 1717 ante
1701 1677 1808 1718 Solis
1829 1685 1968 1718 ortum

234 1749 323 1804 'vel
352 1759 447 1790 ante
477 1764 695 1799 occasum3
726 1757 827 1799 tum,
860 1750 956 1804 quia
985 1763 1098 1790 mare
1128 1748 1172 1787 in
1192 1748 1365 1788 transitu
1388 1748 1523 1788 Lunae
1551 1762 1627 1802 per
1646 1747 1924 1789 meridianum
1942 1762 1969 1789 a

255 1820 296 1859 vi
328 1820 436 1862 Solis
467 1819 725 1874 deprimitur,
756 1819 981 1860 maximam
1011 1818 1156 1859 habuit
1183 1806 1443 1860 altitudinem
1463 1819 1557 1860 ante
1577 1819 1799 1873 appulsum
1831 1819 1968 1861 Lunae

257 1891 311 1932 ad
339 1892 627 1941 meridianum,
659 1891 703 1932 id
725 1891 838 1946 quod
869 1891 1071 1946 contingit
1091 1890 1235 1931 diebus
1260 1891 1518 1932 novilunium
1546 1891 1873 1945 pleniluniumve
1904 1906 1968 1933 se-

256 1965 489 2020 quentibus.
553 1963 736 2011 Quando
757 1971 894 2004 autem
918 1963 992 2004 Sol
1012 1963 1149 2017 ipsum
1169 1962 1427 2003 horizontem
1447 1971 1633 2016 occupat,
1658 1962 1760 2003 dum
1781 1961 1904 2013 Luna
1922 1962 1967 2003 in

254 2036 484 2077 meridiano
504 2043 702 2086 versatur,
734 2044 823 2077 turn
852 2035 1012 2077 etiamsi
1042 2035 1237 2075 distantia
1259 2034 1366 2076 Solis
1386 2034 1438 2075 ab
1458 2034 1671 2075 horizonte
1690 2048 1892 2089 perquam
1911 2033 1967 2076 sit

253 2111 472 2161 mutabilis,
504 2118 645 2152 tamen
675 2105 769 2151 cum
799 2109 1038 2151 elevationis
1066 2110 1127 2150 vis
1148 2108 1350 2164 quadrato
1380 2107 1492 2149 sinfis
1521 2107 1749 2151 altitudinis
1782 2106 1890 2149 Solis
1911 2106 1965 2148 sit

251 2182 584 2237 proportionalis,
608 2182 721 2238 quod
742 2182 911 2222 omnino
931 2181 1148 2230 evanescit,
1179 2180 1303 2220 etiam
1322 2179 1403 2220 hoc
1423 2194 1520 2220 casu
1539 2180 1720 2220 maxima
1740 2193 1860 2234 aquae
1880 2178 1963 2220 ele-

252 2255 362 2295 vatio
392 2255 436 2295 in
468 2255 604 2310 ipsum
638 2255 772 2296 Lunae
806 2269 881 2309 per
912 2253 1188 2295 meridianum
1216 2253 1435 2294 transitum
1464 2252 1630 2302 incidet,
1663 2252 1813 2308 hicque
1843 2265 1962 2292 casus

253 2326 362 2367 circa
382 2326 654 2381 quadraturas
674 2325 940 2366 luminarium
960 2325 1099 2365 locum
1118 2323 1257 2364 habet.

308 2403 339 2452 ᾖ.
363 2404 430 2440 62.
464 2398 524 2440 Ut
553 2399 680 2454 igitur
709 2399 949 2447 innotescat,
984 2406 1198 2453 quamtum
1227 2396 1335 2439 vires
1367 2394 1463 2437 cum
1495 2395 1602 2438 Solis
1631 2393 1720 2436 tum
1751 2395 1887 2437 Lunae
1906 2396 1962 2438 ad

250 2485 364 2511 mare
394 2470 640 2511 elevandum
670 2470 768 2511 dato
789 2478 975 2524 tempore
1003 2471 1069 2511 vel
1089 2478 1274 2512 crescant
1292 2469 1358 2510 vel
1378 2469 1629 2518 decrescant,
1651 2458 1752 2509 dum
1773 2468 1826 2509 ab
1846 2467 1961 2510 hori-

251 2551 370 2583 zonte
404 2542 705 2597 aliquantillum
739 2542 804 2584 vel
839 2533 1051 2593 recedunt,
1092 2543 1158 2583 vel
1196 2542 1250 2592 ad
1284 2541 1462 2582 eundem
1501 2540 1715 2591 accedunt,
1755 2555 1960 2595 ponamus

253 2614 393 2656 Solem
424 2614 640 2655 Lunamve
675 2614 717 2653 in
748 2614 786 2654 L
815 2610 981 2662 versari,
1022 2620 1145 2669 atque
1183 2613 1279 2654 inde
1318 2612 1372 2653 ad
1409 2620 1609 2671 punctum
1648 2611 1866 2653 meridiani
1905 2611 1959 2653 M

250 2685 459 2743 progredi.
520 2686 803 2740 Tempusculo
823 2699 924 2743 ergo
942 2700 1018 2740 per
1038 2687 1236 2742 angulum
1257 2686 1295 2727 L
1314 2685 1379 2726 Pl
1398 2705 1445 2719 =
1464 2685 1490 2725 d
1507 2690 1524 2725 θ
1543 2692 1839 2740 repraesentato
1857 2698 1957 2739 pro-

251 2758 462 2814 gredietur
494 2757 616 2798 Luna
636 2757 700 2798 vel
723 2757 796 2799 Sol
825 2773 878 2799 ex
909 2758 946 2798 L
976 2758 1019 2798 in
1047 2758 1063 2799 l
1087 2767 1210 2814 atque
1230 2758 1282 2799 ab
1301 2757 1515 2799 horizonte
1536 2758 1813 2800 removebitur
1831 2756 1958 2798 inter·-

251 2828 359 2868 vallo
381 2828 418 2869 L
439 2828 492 2868 h:
526 2828 578 2869 ad
600 2828 711 2883 quod
743 2828 1033 2870 inveniendum
1054 2829 1106 2870 sit
1126 2837 1171 2870 ut
1191 2827 1285 2869 ante
1305 2828 1446 2883 anguli
1468 2828 1520 2870 M
1542 2828 1578 2870 P
1599 2829 1638 2870 L
1659 2829 1823 2870 cosinus
1849 2847 1895 2862 =
1923 2834 1954 2878 t,

1566 2906 1610 2949 4-
1637 2897 1664 2938 d
1685 2905 1702 2939 t
1803 2940 1845 2948 ,,,
1873 2898 1901 2942 d
1920 2906 1938 2940 t

1490 2970 1533 3009 ν
1560 2970 1598 3022 (1
1625 2991 1682 2999 -
1702 2972 1719 3005 t
1738 2964 1771 3015 t)
1890 2966 1932 3008 T

254 3053 307 3080 ex
322 3053 404 3095 quo
420 3040 574 3081 orietur
588 3041 729 3097 anguli
747 3040 799 3082 M
817 3041 853 3082 P
867 3040 882 3080 l
894 3040 1058 3081 cosinus
1079 3055 1120 3077 =
1143 3047 1160 3080 t
1181 3045 1222 3088 -ξ-
1245 3039 1273 3079 d
1288 3019 1363 3080 t‘=
1376 3047 1393 3080 t
1415 3045 1457 3088 ÷
1478 3039 1519 3080 T
1531 3038 1558 3079 d
1574 3043 1602 3079 θ.
1622 3038 1670 3081 'Si
1679 3039 1765 3093 jam
1779 3046 1957 3095 ponatur

252 2934 293 2967 et
313 2927 424 2967 sinus
455 2944 495 2965 =
525 2927 578 2977 T,
610 2927 768 2983 eritque
790 2928 876 2982 ipse
896 2926 1070 2983 angulus
1091 2927 1129 2968 L
1154 2926 1189 2968 P
1209 2926 1234 2990 l
1252 2942 1292 2963 =
1320 2926 1348 2967 d
1369 2931 1386 2966 θ
1412 2942 1453 2964 =
