2092 3470
515 224 771 269 FLUXUS
796 224 881 266 >AC
913 222 1252 268 REFLUXUS
1282 223 1494 268 MARIS.
1772 231 1853 269 261

155 344 290 387 Terra
321 357 395 386 seu
410 349 617 385 centrum
650 338 907 390 sollicitatur,
941 345 984 380 et
1019 336 1249 387 contrariae,
1283 337 1365 379 hoc
1393 338 1487 394 ipso
1522 338 1669 381 Terrae
1697 347 1858 382 motum

152 417 424 460 curvilineum
448 423 494 457 et
521 411 824 471 inaequabilem,
855 411 1010 467 quippe
1038 409 1110 467 qui
1142 408 1197 451 ab
1230 408 1377 451 iisdem
1405 410 1560 452 viribus
1587 410 1734 462 oritur,
1767 411 1857 454 adi-

150 496 335 532 memus·
383 488 528 538 Quare
561 487 596 529 si
629 488 798 542 insuper
828 485 905 527 toti
934 484 1082 526 Terrae
1109 491 1270 525 motum
1297 485 1500 540 aequalem
1531 493 1573 527 et
1601 486 1856 527 contrarium

149 560 222 611 issi,
241 573 328 616 quo
347 567 442 602 actu
461 558 604 609 fertur,
633 557 880 612 impressum
899 555 1192 611 concipiamus,
1223 554 1502 597 obtinebimus
1530 565 1659 599 totam
1679 557 1856 599 Terram

146 631 439 687 quiescentem,
468 638 595 686 atque
627 628 754 670 etiam
782 641 896 669 nunc
923 634 1067 683 partes
1098 625 1275 682 perinde
1307 626 1577 683 agitabuntur
1609 638 1652 670 et
1676 629 1786 671 inter
1805 644 1855 671 se

147 701 530 752 commovebuntur,
556 714 610 742 ac
636 700 672 741 si
698 698 833 741 nullas
859 696 1092 740 istiusmodi
1119 697 1368 739 mutatitmes
1394 698 1686 742 intulissemus.
1748 701 1854 750 Qui-

149 773 251 815 libet
269 782 408 817 autem
425 772 546 815 facile
574 772 787 828 percipiet,
817 777 1030 828 quantum.
1046 784 1100 811 ex
1127 769 1208 812 hac
1235 770 1477 814 reductione
1495 773 1725 815 subsidium
1745 788 1854 815 asse-

146 859 346 901 quamur3
375 842 507 886 multo
537 843 648 885 enim
674 841 834 884 facilius
859 841 942 883 erit
967 840 1232 892 mutationes,
1263 856 1357 898 quae
1384 842 1430 884 in
1462 843 1555 899 ipsfi
1583 843 1718 886 Terra
1745 844 1854 886 acci.

151 916 268 967 dunt,
299 916 516 972 percipere
544 923 668 971 atque
696 913 917 968 explicare,
946 912 982 954 si
1008 920 1198 954 centrum
1228 912 1374 956 Terrae
1399 915 1676 957 constituatur
1707 915 1854 957 immo-

143 995 247 1038 tum,
278 986 403 1043 quam
433 986 468 1027 si
496 985 632 1027 totalis
659 991 796 1026 motus
830 983 1086 1041 singularum
1118 983 1299 1038 partium
1326 985 1508 1026 motibus
1537 993 1645 1027 esset
1668 987 1854 1041 permix-

147 1066 226 1100 tus.
287 1057 416 1099 Hanc
445 1056 500 1098 ob
529 1070 618 1097 rem
646 1053 724 1096 ista
744 1051 987 1096 reductione
1006 1053 1088 1111 qua
1107 1062 1296 1096 centrum
1316 1054 1464 1097 Terrae
1483 1056 1527 1097 in
1546 1057 1726 1113 quietem
1743 1057 1854 1099 redi-

142 1129 268 1186 gitur,
298 1126 502 1183 perpetuo
531 1134 709 1177 utemur,
741 1124 825 1182 quo
854 1125 1131 1180 phaenomena
1159 1125 1283 1167 aestfis
1302 1126 1441 1178 maris,
1471 1128 1612 1182 prouti
1644 1128 1688 1169 in
1718 1127 1853 1171 Terra

142 1202 314 1245 immota
336 1201 480 1243 sentiri
499 1200 665 1250 debent,
687 1199 911 1250 eliciamus,
933 1198 1087 1255 quippe
1107 1198 1179 1254 qui
1197 1206 1261 1240 est
1278 1213 1397 1242 casus
1416 1200 1628 1252 naturalis,
1655 1201 1711 1243 ad
1730 1217 1854 1258 quem

143 1290 288 1317 omnes
317 1272 627 1315 observationes
655 1278 752 1313 sunt
778 1269 1118 1319 accommodatae,
1144 1283 1290 1311 omnes
1310 1269 1410 1314 vero
1428 1271 1602 1313 theoriae
1621 1287 1853 1315 accommo-

142 1347 234 1389 dari
259 1346 425 1387 debent.

198 1423 231 1473 §.
255 1423 325 1459 24.
357 1416 627 1472 concipiatur
654 1429 766 1457 nunc
786 1413 923 1456 Terra
939 1420 1027 1456 tota
1055 1420 1254 1469 tanquam
1278 1413 1427 1470 globus
1456 1417 1498 1457 A
1519 1416 1564 1458 D
1586 1416 1624 1459 B
1645 1416 1684 1458 E
1713 1415 1854 1474 urgeri

145 1490 201 1532 ad
233 1489 373 1532 Solem
402 1488 620 1531 Lunamve
643 1487 688 1528 in
717 1487 748 1530 S
766 1486 1024 1538 existentem,
1055 1487 1171 1542 cujus
1191 1486 1252 1527 vis
1273 1486 1461 1530 absoluta
1480 1504 1554 1532 seu
1573 1503 1635 1541 ea,
1666 1505 1790 1546 quam
1808 1490 1854 1532 in

141 1561 335 1604 distantia
363 1576 389 1602 a
414 1568 557 1602 centro
588 1573 665 1601 suo
697 1559 728 1601 S
756 1558 1079 1600 semi-diametro
1106 1558 1254 1600 Terrae

141 1635 291 1692 aequali
331 1635 476 1685 exerit,
519 1635 572 1675 sit
598 1650 641 1672 =
676 1633 720 1683 S,
762 1632 957 1674 distantia
993 1631 1093 1674 vero
1129 1632 1260 1674 centri

143 1708 290 1750 Terrae
322 1707 359 1749 C
387 1706 440 1748 ab
472 1706 503 1748 S
532 1719 605 1747 seu
636 1704 673 1746 C
696 1704 726 1746 S
753 1711 935 1761 ponatur
954 1720 996 1742 =
1021 1719 1046 1744 a
1058 1719 1071 1753 3
1101 1703 1259 1759 eritque

141 1777 513 1826 visaeceleratrix,
545 1775 626 1832 qua
655 1783 743 1818 tota
772 1775 908 1817 Terra
932 1782 1129 1831 tanquam
1156 1775 1201 1816 in
1222 1772 1260 1817 C

142 1882 314 1924 collecta
334 1878 619 1921 sollicitabitur
637 1878 682 1919 in
701 1876 927 1920 directione
953 1877 990 1919 C
1006 1877 1049 1928 S,
1078 1893 1120 1915 =
1150 1847 1255 1954 ἑ.

145 1990 488 2047 Contemplemur
519 1989 607 2044 jam
645 1987 890 2043 particulam
924 1986 1071 2028 Terrae
1111 1999 1256 2041 quam-

143 2079 307 2120 cunque
340 2062 392 2105 M
425 2061 542 2117 cujus
576 2060 678 2101 situs
708 2059 767 2101 ita
799 2059 852 2101 sit
884 2058 1092 2108 definitus
1125 2059 1179 2099 ut‘
1206 2057 1258 2099 sit

146 2137 242 2180 GP
266 2156 312 2172 =
337 2132 559 2198 xetPM
587 2148 628 2170 =
653 2131 917 2188 y,existente
948 2129 1059 2171 MP
1083 2128 1258 2170 normali

146 2212 200 2253 ad
223 2212 260 2253 C
278 2211 333 2260 S3
362 2209 462 2250 hinc
480 2207 607 2265 igitur
625 2204 844 2247 habebitur
866 2203 897 2246 S
919 2204 955 2245 P
979 2212 1030 2240 =³
1050 2218 1075 2244 a
1094 2227 1152 2235 —
1169 2217 1200 2244 x
1219 2211 1260 2244 et

147 2288 178 2330 S
196 2285 250 2329 M
265 2305 312 2322 =
342 2285 386 2327 *l
413 2287 474 2340 ((a
496 2307 549 2315 —
567 2282 615 2335 x)
636 2280 653 2305 ²
677 2288 720 2331 -Ι-
744 2296 774 2337 y
791 2279 838 2334 ²).
900 2281 974 2323 Vis
999 2279 1125 2337 igitur
1144 2293 1260 2320 acce-

143 2360 326 2410 leratrix,
341 2356 420 2415 qua
433 2354 636 2412 particula
649 2353 702 2396 M
715 2352 854 2395 versus
870 2354 900 2395 S
912 2353 1102 2409 pelletur,
1121 2353 1199 2394 erit
1217 2370 1264 2388 =

146 2571 229 2629 qua
255 2575 342 2613 'tota
370 2570 505 2614 Terra
533 2568 675 2613 versus
707 2570 738 2612 S
766 2569 925 2620 nititur,
955 2567 1227 2624 concipienda
1242 2574 1308 2609 est
1333 2561 1551 2621 particulae
1575 2559 1629 2602 M
1648 2558 1852 2615 applicata

144 2674 205 2717 vis
229 2694 277 2710 =
306 2643 392 2753 ζεῖ
421 2674 430 2683 ’
480 2673 710 2716 directione
739 2672 792 2715 M
814 2673 857 2714 N
885 2672 964 2727 ipsi
995 2672 1032 2714 C
1050 2672 1085 2715 S
1114 2669 1311 2727 parallela
1331 2674 1373 2710 et
1392 2665 1603 2722 opposita3
1634 2677 1729 2719 quae
1757 2661 1852 2703 duae

145 2788 253 2831 vires
282 2786 527 2843 particulam
560 2785 614 2829 M
642 2785 760 2844 aeque
789 2785 969 2828 afficient
997 2799 1045 2826 ac
1074 2783 1110 2825 si
1137 2782 1328 2824 universa
1358 2780 1493 2821 Terra
1520 2776 1754 2832 quiesceret
1785 2773 1852 2814 vel

146 2857 408 2899 uniformiter
428 2856 471 2897 in
487 2855 694 2898 directum
711 2862 960 2906 moveretur,
982 2854 1054 2911 qui
1071 2868 1190 2895 casus
1210 2852 1263 2894 ab
1282 2851 1354 2892 illo
1371 2862 1457 2890 non
1476 2846 1627 2889 differt,
1689 2845 1758 2887 Ex
1783 2844 1851 2885 his

1573 1677 1600 1706 S

512 2476 524 2510 ς
555 2475 580 2502 a
599 2458 680 2516 qua
710 2458 805 2501 cum
835 2457 987 2500 auferri
1016 2458 1164 2500 debeat
1181 2457 1257 2507 vis,

148 2930 274 2986 igitur
302 2929 501 2971 ambabus
530 2925 686 2970 viribus
714 2936 886 2970 conatus
915 2928 1156 2975 innotescet,
1188 2938 1272 2980 quo
1300 2919 1503 2978 particula
1531 2917 1584 2960 Μ
1613 2932 1638 2960 a
1665 2917 1706 2958 vi
1733 2916 1789 2958 ad
1815 2916 1850 2957 S

148 3000 307 3042 directa
326 3001 379 3047 de
397 3001 492 3041 loco
512 3014 586 3041 suo
605 3000 798 3042 recedere
818 3000 1050 3042 annitetur:
1081 2997 1135 3039 ad
1160 2997 1296 3052 ipsum
1316 3001 1452 3035 autem
1467 3001 1634 3033 ⁴motum
1650 2989 1850 3032 definien-

151 3075 257 3116 dum
275 3075 443 3130 insuper
463 3074 523 3116 vis
543 3073 754 3131 gravitatis
773 3074 851 3116 erit
869 3071 1149 3129 respicienda:
1181 3077 1222 3111 et
1242 3068 1338 3124 quia
1356 3066 1448 3109 haec
1466 3058 1666 3121 particula
1685 3077 1770 3104 non
1790 3068 1851 3101 est
