2092 3470
518 218 774 267 FLUXUS.
801 219 886 265 Ao
914 218 1213 266 REFUXUS
1243 219 1454 271 MARIS..
1623 281 1632 284 μ
1747 228 1830 266 253

128 334 232 393 sime
255 348 397 376 sumus
420 334 639 384 ostensuri,
670 333 724 375 ab
753 333 818 375 his
845 334 1006 377 duabus
1031 334 1187 375 viribus
1211 347 1296 375 non
1327 333 1461 377 solum
1489 335 1535 377 in
1560 350 1716 383 oceano
1739 351 1831 378 mo-

126 414 216 448 tum
243 406 502 461 reciprocum
530 406 722 462 generari
748 406 914 457 debere,
943 406 1017 448 sed
1037 406 1160 448 etiam
1181 421 1277 447 eum
1295 407 1444 462 ipsum,
1474 409 1546 465 qui
1564 409 1690 456 aestfis
1707 410 1832 452 mari-.-

123 479 167 520 ni
196 478 375 521 nomine·
394 478 586 539 insigniri
615 478 743 521 solet:
775 489 899 535 atque
927 478 1036 520 hanc
1066 478 1120 520 ob
1147 493 1235 519 rem
1269 477 1444 520 firmiter
1465 481 1553 536 jam
1580 481 1832 528 affirmamus

123 567 263 595 veram
291 550 430 596 fluxus
459 567 508 594 ac
535 550 718 594 refluxfis
749 567 914 595 causam
942 553 987 593 in
1018 552 1126 595 Solis
1154 552 1236 597 illis
1261 551 1422 601 duabus
1451 555 1621 607 viribus,
1653 571 1829 612 quarum

123 624 252 670 altera
281 624 335 666 ad
367 624 507 666 Solem
527 631 590 669 est
617 623 786 674 directa,
818 623 947 670 altera
966 623 1020 664 ad
1040 623 1220 674 Lunam,
1243 638 1331 665 esse
1349 625 1551 679 positam3
1580 626 1745 683 hocque
1774 627 1828 669 si-

121 694 211 739 mul
238 694 424 736 omnium
453 709 597 737 eorum
627 695 847 736 sententias
872 693 1058 736 funditus
1086 695 1319 745 evertimus,
1352 696 1423 751 qui
1452 696 1518 737 vel
1544 697 1634 739 aliis
1657 699 1828 741 omnino

120 767 276 809 viribus
305 767 417 808 idem
444 766 752 822 phaenomenon
780 765 1027 817 adscribere,
1058 765 1123 808 vel
1143 780 1238 808 cum
1266 765 1330 808 his
1361 767 1461 822 ipsis
1481 768 1582 810 alias
1601 769 1708 811 vires
1728 784 1828 812 con-

115 840 295 897 jungere
315 847 532 883 conantur.

177 918 208 968 §.
236 919 302 955 11.
340 913 530 964 Quaestio
563 913 690 971 igitur
722 912 776 955 de
809 910 931 956 causa
963 910 1102 953 fluxus
1135 926 1184 953 ac
1215 911 1398 954 refluxus
1430 912 1568 963 maris,
1603 914 1745 968 prouti
1778 929 1828 957 ea

119 985 172 1026 ab
202 984 475 1028 illustrissima
505 982 731 1035 Academia
754 981 887 1039 Regia
908 990 970 1024 est
996 983 1223 1038 proposita,
1254 983 1308 1026 ad
1326 982 1434 1026 hanc
1455 983 1673 1034 deducitur
1693 1000 1827 1041 quaes-

118 1057 288 1108 tionem,
319 1065 367 1098 ut
394 1057 586 1101 binarum
614 1055 778 1097 illarum
806 1054 968 1104 virium,
1000 1053 1150 1109 quibus
1179 1053 1353 1110 singulae
1384 1053 1531 1096 Terrae
1558 1062 1698 1110 partes
1729 1054 1827 1097 cum

118 1127 172 1169 ad
203 1128 342 1170 Solem
370 1126 459 1169 tum
487 1126 541 1168 ad
575 1125 741 1168 Lunam
768 1122 970 1180 perpetuo
998 1131 1212 1180 urgentur,
1244 1123 1368 1180 idque
1388 1124 1432 1165 in
1452 1124 1738 1166 distantiarum
1757 1141 1824 1167 ra-

117 1199 230 1242 tione
249 1199 457 1255 reciproca
478 1197 699 1255 duplicata,
723 1212 844 1239 causa
863 1196 1094 1253 assignetur
1112 1195 1296 1252 physica.
1349 1195 1418 1242 Ex
1437 1211 1522 1252 quo
1540 1198 1827 1240 tractationem

118 1280 302 1315 nostram
321 1273 559 1328 bipartitam
578 1286 667 1314 esse
686 1270 904 1326 oportebit.
967 1267 1111 1312 Primo
1131 1268 1286 1315 scilicet
1304 1283 1358 1310 ex
1381 1267 1595 1323 principiis
1614 1267 1826 1310 mechani-

118 1345 177 1386 cis
196 1344 375 1386 dilucide
389 1345 466 1386 erit
484 1343 801 1392 ostendendum,
825 1358 851 1384 a
868 1341 977 1384 binis
996 1341 1076 1384 illis
1095 1341 1251 1388 viribus
1274 1341 1412 1387 Solem
1429 1341 1676 1397 Lunamque
1696 1343 1827 1397 respi-

118 1417 319 1461 cientibus
354 1416 449 1459 cum
482 1417 643 1457 fluxum
677 1429 727 1456 ac
761 1414 966 1469 refluxum
995 1412 1121 1454 maris
1149 1411 1379 1468 generatim
1409 1411 1510 1453 oriri
1543 1410 1708 1462 debere,
1735 1410 1826 1454 tum

119 1489 243 1530 etiam
271 1488 352 1530 hoc
377 1487 503 1529 modo
525 1486 688 1544 singula.
715 1485 991 1541 phaenomena
1010 1482 1202 1525 distincte
1223 1482 1419 1538 explicari
1438 1497 1586 1537 posse:
1617 1483 1696 1524 hac
1716 1484 1828 1525 enim

117 1568 237 1616 parte
256 1558 442 1602 absoluta
462 1558 624 1601 nullum
644 1556 847 1613 supererit
871 1555 1058 1606 dubium,
1090 1554 1190 1610 quin
1210 1555 1329 1610 origo
1349 1552 1475 1598 aestfis
1494 1553 1620 1594 maris
1640 1553 1706 1594 his
1727 1555 1826 1609 ipsis

117 1632 286 1683 viribus,
318 1646 419 1688 quas
447 1638 541 1673 actu
565 1631 654 1686 jam
682 1630 726 1671 in
752 1628 910 1674 mundo
929 1628 1105 1673 existere
1125 1626 1355 1676 docuimus,
1387 1626 1599 1673 debeatur.
1658 1627 1827 1669 Deinde

117 1702 216 1745 vero
242 1702 392 1744 harum
419 1701 569 1743 virium
590 1715 713 1742 causa
731 1699 905 1756 physica
922 1697 1096 1743 indicari
1117 1697 1254 1747 debet,
1287 1696 1381 1738 cum
1412 1696 1454 1738 id
1478 1697 1530 1738 sit
1551 1697 1824 1752 praecipuum,

120 1775 234 1832 quod
262 1774 416 1831 inclyta
436 1773 664 1815 Academia
682 1772 865 1829 requirit.
925 1771 1056 1821 Quod
1075 1771 1242 1827 quidem
1263 1771 1316 1812 ad
1341 1770 1454 1812 illam
1483 1778 1645 1825 partem
1665 1772 1823 1822 attinet,

115 1846 160 1891 in
190 1847 277 1902 ejus
307 1845 580 1900 explicatione
607 1843 776 1886 minime
805 1843 1069 1894 haesitamus3
1099 1851 1141 1885 et
1160 1843 1395 1887 clarissimis
1416 1844 1732 1900 certissimisque
1753 1844 1827 1889 de-

116 1916 484 1958 monstrationibus
504 1916 692 1958 evincere
710 1916 968 1971 pollicemur,
998 1929 1074 1970 per
1102 1915 1201 1957 istas
1221 1915 1328 1959 vires
1349 1916 1487 1959 omnia
1507 1915 1679 1958 omnino
1698 1915 1825 1958 aestfis

116 1989 242 2031 maris
261 1988 535 2044 phaenomena
559 1986 859 2030 absolutissime
889 1986 1087 2042 explicari
1115 2001 1262 2042 posse3
1293 1986 1373 2042 qua
1403 1987 1447 2026 i'n
1466 2001 1513 2028 re
1531 1987 1634 2028 nulli
1663 1987 1826 2029 dubita-

116 2060 219 2102 tioni
252 2061 362 2102 ullus
396 2059 641 2116 relinquitur
675 2059 804 2109 locus,
844 2057 939 2100 cum
975 2066 1061 2099 tota
1089 2057 1143 2099 ad
1176 2057 1445 2114 geometriam
1469 2065 1512 2100 et
1543 2057 1823 2106 mechanicam

117 2132 398 2175 sublimiorem
430 2132 646 2187 pertineat,
680 2131 919 2187 calculoque
952 2130 1157 2186 analytico
1192 2130 1244 2171 sit
1278 2130 1473 2185 subjecta.
1546 2129 1696 2177 Altera
1725 2129 1826 2175 vero

114 2220 225 2261 pars,
246 2206 291 2247 in
310 2205 523 2247 scientiam
541 2205 771 2246 naturalem
790 2204 990 2260 imprimis
1009 2204 1238 2255 incurrens,
1259 2205 1405 2260 majori
1419 2204 1650 2251 difficultati
1663 2204 1826 2248 videtur

116 2277 309 2327 obnoxia,
332 2291 409 2318 nec
429 2284 555 2319 tantae
574 2276 791 2318 evidentiae
811 2290 942 2330 capax
953 2290 965 2325 ;
995 2273 1140 2318 verum
1159 2273 1255 2316 cum
1273 2275 1353 2321 ista
1371 2290 1436 2317 res
1456 2275 1674 2322 occasione
1692 2275 1824 2330 pluri-

115 2364 187 2391 um
207 2350 482 2406 quaestionum
502 2349 555 2390 ab
572 2348 796 2390 Academia
812 2347 1079 2393 celeberrima
1092 2348 1267 2390 antehac
1285 2349 1591 2404 propositarum
1604 2350 1693 2405 jam
1707 2357 1824 2391 tanto

117 2421 255 2463 studio
275 2422 328 2463 sit
347 2421 590 2477 investigata
609 2427 732 2476 atque
753 2419 953 2470 absoluta,
976 2434 1067 2463 eam
1086 2434 1171 2461 non
1191 2419 1343 2466 minori
1362 2419 1608 2462 certitudine
1627 2419 1824 2475 expedire

117 2494 375 2537 confidimus.

173 2569 205 2619 §.
244 2569 310 2606 12.
360 2565 555 2621 Explosis
593 2566 674 2607 hoc
715 2565 860 2607 saltem
902 2572 1090 2620 tempore
1129 2565 1392 2622 qualitatibus
1430 2566 1600 2608 occultis
1615 2566 1823 2622 missaque

101 2636 339 2694 Anglorum
373 2638 646 2692 quorumdam
679 2636 873 2680 renovata
907 2637 1162 2689 attractione,
1204 2654 1298 2695 quae
1331 2654 1427 2683 cum
1457 2639 1608 2680 saniori
1641 2638 1822 2694 philoso-

115 2707 275 2763 phandi
304 2707 431 2749 modo
458 2707 692 2755 nullatenus
723 2708 947 2750 consistere
974 2715 1123 2763 potest,
1155 2709 1341 2749 omnium
1368 2709 1517 2750 virium
1539 2722 1634 2764 quae
1654 2707 1822 2764 quidem

115 2780 162 2821 in
190 2779 350 2821 mundo
379 2779 660 2831 observantur,
692 2781 848 2836 duplex
869 2780 1110 2824 statuendus
1131 2788 1193 2823 est
1211 2780 1302 2826 fons
1323 2789 1446 2838 atque
1466 2781 1597 2838 origo.
1615 2800 1630 2817 ι
1658 2780 1822 2837 Nemp3

118 2849 215 2893 cum
245 2851 401 2892 viribus
430 2839 635 2893 tribuatur
663 2853 729 2895 vel
762 2851 900 2895 motus
929 2853 1143 2910 generatio
1176 2853 1243 2895 vel
1272 2853 1518 2904 immutatio,
1549 2853 1626 2896 iste
1652 2854 1820 2896 effectus

121 2936 285 2977 semper
304 2922 371 2964 vel
401 2922 453 2963 ab
474 2922 659 2964 allisione
678 2938 913 2980 corporum,
943 2925 1011 2966 vel
1033 2940 1059 2967 a
1085 2925 1126 2966 vi
1153 2924 1379 2981 centrifuga
1402 2924 1690 2980 proficiscitur,
1721 2941 1823 2983 qua-

117 3008 212 3036 rum
231 2995 441 3036 actionum
461 3003 635 3051 utraque
654 2995 850 3048 facultati,
884 2996 965 3053 qua
986 2998 1127 3039 omnia
1146 3011 1322 3051 corpora
1346 3005 1442 3038 sunt
1463 2996 1639 3052 praedita
1666 2998 1709 3041 in
1740 3006 1823 3039 sta-

116 3072 165 3108 tu
184 3081 260 3108 suo
289 3068 373 3109 sive
403 3068 549 3124 quietis
580 3068 664 3109 sive
684 3069 819 3111 motus
840 3071 1052 3126 aequabilis
1074 3071 1115 3111 in
1137 3071 1336 3111 directum
1363 3072 1668 3125 perseverandi,
1698 3071 1823 3113 debe-

167 3136 248 3169 Vor..
269 3137 340 3168 111.
936 3140 968 3171 -T
