2092 3470
262 237 320 275 22
673 234 1120 278 PHILOSOPHIAE
1151 235 1508 300 NATURALIS
1565 237 1659 289 [DE
1677 236 1806 280 Mun.
1824 239 1945 283 ἕπτ’,

261 347 317 389 ad
335 346 594 401 superficiem
613 346 758 389 Terrae
777 350 906 404 major
926 350 978 390 sit
996 350 1180 404 partibus
1202 356 1256 391 60
1279 361 1313 395 Χ
1338 357 1392 393 60
1413 349 1535 406 quam
1562 351 1615 392 ad
1639 351 1826 400 Lunam3
1855 365 1947 393 cor-

260 432 338 474 pus
358 418 399 458 vi
419 416 486 458 illa
507 417 550 458 in
569 418 806 474 regionibus
826 419 974 460 nostris
996 419 1194 469 cadendo,
1217 420 1446 462 describere
1466 420 1632 463 deberet
1652 422 1783 476 spatio
1802 419 1960 462 minuti‘

260 488 383 530 unius
411 487 535 542 primi
562 489 689 543 pedes
722 489 969 529 Parisienses
1000 495 1054 530 60
1077 500 1109 534 ><
1136 495 1190 530 60
1213 500 1246 534 ><
1275 493 1391 546 15ῖ1ἶ,
1423 498 1464 531 et
1492 490 1623 545 spatio
1653 491 1799 532 minuti
1827 491 1948 532 unius

261 557 428 599 secundi
453 557 579 612 pedes
614 559 731 608 l5r¹es
762 558 827 598 vel
854 558 983 613 magis
1005 558 1191 599 accurate
1212 559 1337 613 pedes
1364 564 1427 600 15.
1450 558 1532 615 dig.
1557 564 1594 600 1.
1615 567 1656 600 et
1674 560 1744 601 lin.
1769 561 1832 616 1⁷3²·
1892 560 1949 602 Et

260 625 405 668 eadem
434 627 475 668 vi
503 628 645 684 gravia
674 626 815 668 revera
836 627 1089 668 descendunt
1106 629 1150 668 in
1171 628 1357 670 Terram.
1420 629 1530 670 Nam
1548 629 1730 683 penduli,
1750 631 1794 671 in
1812 631 1948 672 latitu-

260 698 356 740 dine
377 699 555 740 Lutetiae
577 698 830 739 Parisiorum
850 698 903 739 ad
923 698 1084 755 singula
1103 699 1262 739 minuta
1281 699 1460 740 secunda
1478 699 1711 749 oscillantis,
1732 700 1949 757 longitudo

259 778 321 811 est
348 770 503 825 pedum
531 770 656 810 trium
688 769 980 811 Parisiensium
1009 778 1050 811 et
1076 771 1278 812 linearum
1303 774 1370 823 8}ae
1392 779 1439 812 ut
1464 772 1693 813 observavit
1714 772 1948 829 Hugenius.

260 840 303 895 (¹)
323 840 379 881 Et
399 840 586 889 altitudo,
609 854 732 894 quam
752 854 877 895 grave
898 847 1083 895 tempore
1102 841 1249 882 minuti
1268 842 1388 882 unius
1409 842 1576 883 secundi
1595 843 1779 884 cadendo
1799 844 1950 885 descri-

258 912 333 962 bit,
356 922 418 952 est
438 911 491 951 ad
511 910 722 951 dimidiam
751 911 1051 967 longitudinem
1078 913 1248 967 penduli
1267 913 1387 968 hujus
1407 914 1450 953 in
1470 913 1675 968 duplicata
1696 916 1853 958 ratione
1873 915 1950 957 cir-

258 983 539 1025 cumferentiae
572 982 714 1023 circuli
749 983 802 1023 ad
836 983 1081 1024 diametrum
1114 986 1199 1042 ejus
1235 988 1299 1039 (ut
1332 985 1526 1026 indicavit
1559 987 1682 1028 etiam
1711 987 1949 1044 Hugenius)

260 1054 322 1109 (¹¹¹)
344 1053 519 1108 ideoque
540 1060 600 1093 est
618 1052 773 1107 pedum
795 1053 1087 1094 Parisiensium
1110 1060 1174 1096 15.
1196 1054 1283 1111 dig.
1306 1059 1341 1096 1.
1362 1055 1433 1096 lin.
1458 1057 1519 1108 1}-
1582 1056 1638 1097 Et
1655 1065 1874 1112 propterea
1890 1056 1952 1098 vis

258 1124 341 1179 qua
371 1124 494 1164 Luna
522 1122 566 1161 in
596 1122 696 1162 orbe
725 1136 802 1163 suo
833 1123 1042 1173 retinetur,
1074 1124 1108 1164 si
1137 1124 1410 1168 descendatur
1435 1125 1478 1165 in
1507 1125 1765 1180 superficiem
1791 1126 1950 1177 Terrae,

259 1194 426 1249 aequalis
456 1193 591 1234 evadit
619 1193 660 1233 vi
689 1194 899 1249 gravitatis
931 1195 1044 1250 apud
1074 1210 1163 1245 nos,
1194 1195 1370 1251 ideoque
1398 1198 1489 1250 (per
1525 1196 1630 1252 Reg.
1657 1202 1693 1237 1.
1714 1204 1755 1238 et
1778 1197 1860 1249 11.)
1891 1205 1954 1240 est

258 1265 330 1305 illa
349 1249 439 1319 ipsa
457 1264 518 1304 vis
540 1278 662 1319 quam
682 1279 758 1305 nos
777 1265 1019 1320 gravitatem
1038 1266 1175 1306 dicere
1195 1266 1383 1306 solemus.
1444 1265 1554 1306 Nam
1574 1266 1608 1307 si
1635 1267 1812 1322 gravitas
1832 1267 1884 1308 ab
1903 1267 1952 1310 es‘i

258 1336 423 1377 diversa
451 1342 570 1384 esset,
604 1349 778 1389 corpora
806 1336 960 1377 viribus
981 1337 1165 1392 utrisque
1185 1337 1411 1391 conjunctis
1434 1337 1608 1378 Terram
1627 1338 1806 1392 petendo
1825 1328 1954 1394 duplo

258 1407 441 1449 velocius
471 1406 782 1456 descenderent,
814 1415 859 1448 et
888 1407 1019 1462 spatio
1048 1407 1195 1447 minuti
1214 1407 1336 1448 unius
1357 1407 1526 1448 secundi
1545 1407 1732 1448 cadendo
1751 1408 1954 1451 describe-

258 1486 353 1520 rent
370 1478 496 1533 pedes
520 1478 770 1519 Parisienses
792 1485 872 1535 303}
889 1495 899 1520 ε
931 1478 1099 1520 omnino
1120 1486 1262 1520 contra
1281 1479 1585 1534 experientiam.
1766 1522 1770 1527 ,

319 1550 370 1604 (¹¹)
405 1548 597 1590 Calculus
626 1548 695 1588 hic
724 1548 918 1590 fundatur
946 1550 990 1590 in
1018 1548 1236 1604 hypothesi
1257 1549 1368 1604 quod
1390 1549 1523 1590 Terra
1543 1550 1738 1605 quiescit„
1788 1550 1898 1592 Nam
1917 1551 1954 1592 si

262 1619 397 1661 Terra
416 1626 457 1658 et
477 1618 599 1658 Luna
628 1626 869 1659 moveantur
897 1619 1052 1661 circum
1074 1618 1226 1668 Solem,
1248 1625 1289 1658 et
1307 1618 1462 1660 interea
1482 1618 1644 1675 quoque
1666 1619 1820 1661 circum
1840 1634 1951 1661 com-

305 1738 344 1779 (¹)
361 1740 379 1758 '⁸‘
397 1740 440 1769 Et
454 1740 587 1770 altitudo.
607 1740 693 1780 (471.
714 1739 784 1771 Lib.
805 1741 853 1781 Ι.)

304 1780 359 1822 (¹¹¹)
376 1782 393 1800 ⁸*
410 1781 540 1821 Ide6que
553 1787 596 1812 est
608 1784 676 1821 ped.
697 1784 793 1814 Paris.
815 1783 921 1825 (ibid.)

304 1822 351 1864 (¹¹)
367 1826 418 1853 64.
437 1825 455 1841 ⁴¹
474 1825 614 1855 Calculus
634 1825 683 1854 llic
693 1826 856 1865 fundatur
877 1824 912 1857 ih
936 1829 1084 1867 hypothesi

261 1867 340 1905 quod
374 1866 469 1895 Terra
498 1867 630 1905 quiescit.
692 1869 709 1886 ⁸
742 1867 915 1898 Undecima
945 1869 1085 1900 Sectione

263 1907 351 1937 Libri
367 1907 395 1937 1.
413 1907 552 1946 quaesivit
575 1908 748 1938 Newtonus
768 1910 866 1949 qualis
880 1910 1010 1941 oriretur
1024 1911 1084 1941 dif-

260 1949 391 1979 ferentia
425 1950 504 1979 inter
541 1956 644 1980 motus
680 1960 842 1989 corporum
876 1959 1082 1989 attrectamur,

262 1990 385 2030 quando
398 1997 462 2021 tota
472 1991 516 2021 vis
527 1991 583 2022 uni
591 1992 719 2022 immoto
728 1993 880 2031 tribuitur,
896 2001 951 2025 aut
961 1995 1084 2035 quando

264 2033 358 2074 (sicut
385 2043 432 2063 res
459 2044 491 2063 se
519 2033 623 2073 habet)
653 2035 830 2067 attracfione
858 2036 968 2067 mutua
990 2037 1023 2067 in
1051 2047 1084 2068 se

261 2081 369 2116 agunt,
392 2081 422 2105 et
436 2074 654 2106 demonstravit
671 2077 884 2121 lJropositione
900 2079 1036 2110 LVIII.
1052 2085 1084 2110 et

263 2117 362 2147 LIX.
411 2117 507 2153 Quod
520 2117 545 2147 si
564 2128 582 2148 e
603 2118 724 2149 duobus
738 2121 912 2157 corporibus
927 2131 958 2151 se
972 2127 1083 2152 mutuo

262 2160 482 2190 attrahentibus
503 2165 534 2190 et
554 2160 634 2191 circa
654 2169 818 2192 commune
838 2163 992 2203 gravitatis
1011 2174 1081 2194 oen-

262 2207 347 2231 trum
366 2201 486 2240 ellipses
507 2202 620 2233 similes
635 2202 885 2242 describentibus,
900 2206 1082 2236 alterutrum

263 2243 302 2273 sit
322 2249 424 2274 nostra
445 2244 539 2280 sedes,
562 2244 605 2275 ita
625 2251 662 2275 ut
680 2252 800 2276 motum
815 2252 914 2277 totum
928 2247 1015 2278 alteri
1029 2248 1082 2278 tri-

262 2287 394 2316 buamus
408 2285 490 2325 quod
511 2286 590 2317 circa
604 2297 660 2317 nos
674 2287 804 2327 ellipsim
819 2288 986 2320 describere
999 2290 1082 2320 vide-

263 2334 366 2366 retur3
389 2328 467 2358 illud
481 2327 589 2358 eadem
604 2329 633 2358 vi
648 2330 815 2368 centripeta
836 2331 976 2362 eamdem
992 2332 1081 2371 ellip-

263 2370 321 2399 sim
336 2371 415 2400 circa
429 2380 492 2407 nos,
509 2370 534 2400 si
549 2371 669 2402 immoti
683 2372 787 2402 revera
799 2373 942 2410 foi-emus,
961 2374 1083 2405 nonnisi

263 2412 394 2452 longiori
415 2418 551 2457 tempore
572 2413 759 2448 describeret.
781 2415 823 2445 ita
837 2422 872 2446 ut
886 2422 1007 2456 tempus
1020 2426 1083 2457 quo

265 2453 375 2485 mutua
395 2454 513 2484 actione
534 2455 689 2495 gravitatis
703 2456 782 2486 circa
797 2467 851 2487 nos
865 2465 956 2489 motos
969 2458 1083 2489 revolvi

266 2496 423 2533 videretur,
440 2496 519 2527 foret
532 2498 570 2527 ad
581 2503 703 2537 tempus
713 2508 774 2538 quo
784 2499 863 2529 circa
873 2510 928 2530 nos
942 2502 1080 2534 immotos

265 2539 475 2575 revolveretur,
504 2539 538 2568 in
565 2539 682 2570 ratione
710 2539 923 2579 subduplicata
950 2544 1083 2581 corporis

266 2582 404 2611 centralis
418 2581 537 2611 immoti
555 2581 595 2612 ad
609 2591 760 2612 summam
775 2582 907 2613 duorum
922 2594 1082 2623 corporum

265 2623 504 2661 revolventium3
526 2623 620 2659 unde,
642 2630 785 2655 manente
804 2623 911 2656 effidem
930 2626 1084 2666 gravitatis

266 2664 344 2704 lege,
360 2666 473 2704 ellipsis
487 2665 788 2705 quae'describeretur
801 2668 880 2698 circa
901 2678 956 2698 nos
976 2670 1082 2700 immo-

268 2713 311 2737 tos
332 2707 438 2737 eodem
460 2714 596 2747 tempore
610 2717 673 2749 quo
687 2707 866 2739 describitur
879 2710 993 2750 ellipsis
1006 2711 1084 2742 rela-

266 2748 328 2778 tiva
341 2748 420 2778 circa
434 2759 489 2779 nos
503 2756 603 2784 motos.
616 2750 717 2780 minor
731 2750 810 2781 foret
824 2751 916 2792 quam
925 2762 960 2783 ea
971 2753 1084 2793 ellipsis

266 2790 399 2826 relativa,
415 2797 446 2821 et
459 2792 534 2822 ratio
548 2792 659 2822 axium*
667 2793 838 2824 invenietur
851 2794 989 2830 dicendo,
1009 2806 1085 2836 qua-

267 2832 389 2862 dratum
413 2834 556 2872 temporis
580 2845 642 2874 quo
666 2835 732 2865 haec
756 2835 870 2875 ellipsis
894 2836 1082 2874 describitur,

267 2875 331 2904 sive
351 2875 402 2915 (ex
421 2875 524 2914 Hyp.)
546 2876 731 2916 quadratum
744 2879 889 2918 temporis
902 2889 965 2919 quo
978 2880 1089 2911 descri-

267 2916 350 2947 bitur
366 2915 478 2955 ellipsis
493 2917 616 2948 relativa
629 2919 708 2950 circa
722 2929 786 2956 nos,
802 2927 847 2950 est
857 2921 898 2951 ad
907 2922 1090 2961 quadratum

269 2958 413 2997 temporis
441 2968 502 2998 quo
531 2959 643 2998 ellipsis
671 2961 806 2993 relativae
839 2963 938 3002 ellipsi
967 2965 1092 3004 aequalis

269 3000 348 3032 circa
371 3010 427 3031 nos
451 2999 520 3031 vere
535 3001 686 3044 “immotos
714 3003 902 3043 describitur,
932 3012 967 3038 ut
981 3008 1092 3038 *cubus

1124 1739 1280 1770 semi-axis
1301 1740 1441 1779 ellipseos
1461 1740 1588 1771 minoris
1608 1740 1766 1780 descriptae
1783 1741 1863 1772 circa
1882 1750 1951 1772 cor-

1123 1792 1184 1822 pus
1205 1782 1368 1813 immotum
1390 1783 1430 1813 ad
1452 1784 1568 1814 cubum
1585 1782 1742 1813 semi-axis
1755 1783 1869 1822 ellipsis
1882 1792 1950 1814 ma·

1124 1824 1200 1864 joris
1219 1824 1376 1863 descriptae
1392 1825 1472 1855 circa
1488 1834 1597 1863 corpus
1616 1825 1708 1855 etiam
1721 1824 1896 1861 immotum,
1918 1830 1950 1856 et

1126 1875 1197 1906 quae
1211 1866 1310 1905 ellipsi
1323 1866 1455 1897 relativae
1469 1872 1515 1897 est
1529 1866 1662 1907 aequalis,
1678 1866 1732 1897 sed
1746 1867 1799 1897 illa
1812 1873 1950 1906 tempora

1129 1913 1215 1938 erant
1242 1909 1275 1938 in
1304 1908 1514 1947 subduplicatii
1537 1909 1654 1939 ratione
1681 1918 1788 1939 massae
1816 1908 1950 1948 corporis

1128 1950 1248 1980 immoti
1269 1950 1309 1981 ad
1329 1960 1482 1980 summam
1503 1961 1672 1981 massarum
1693 1950 1826 1981 duorum
1840 1960 1948 1990 corpo-

1127 2002 1207 2028 rum,
1233 2002 1315 2032 ergo,
1338 1998 1375 2023 ut
1394 2003 1493 2023 massa
1513 1993 1646 2032 corporis
1666 1992 1787 2022 immoti
1804 1992 1845 2023 ad
1862 2003 1947 2023 sum-

1127 2043 1211 2064 mam
1235 2044 1402 2064 massarum
1428 2034 1562 2065 duorum
1585 2044 1756 2073 corporum,
1783 2034 1826 2065 sic
1849 2036 1948 2065 cubus

1127 2075 1283 2106 semi-axis
1304 2076 1443 2115 ellipseos
1463 2077 1588 2106 minoris
1608 2076 1766 2115 descriptae
1786 2076 1867 2108 ciroe
1881 2086 1948 2108 cor-

1126 2128 1186 2167 pus
1205 2118 1370 2148 immotum
1391 2118 1431 2148 ad
1451 2120 1566 2149 cubum
1585 2118 1741 2149 semi-axis
1754 2118 1868 2157 ellipsis
1881 2129 1948 2149 ma-

1121 2159 1199 2199 Joris
1219 2160 1323 2190 reversi
1343 2160 1521 2199 descriptae;
1544 2161 1616 2191 hinc
1637 2160 1709 2191 cum
1728 2161 1875 2191 hactenus
1887 2160 1946 2190 im-

1125 2207 1242 2232 motam
1254 2202 1380 2233 Terram
1394 2203 1641 2242 supposuerimus
1653 2202 1838 2242 Lunamque
1849 2202 1946 2233 revol-

1126 2249 1248 2274 ventem
1263 2250 1399 2284 tempore
1412 2254 1474 2284 quo
1491 2244 1594 2275 revera
1612 2243 1783 2279 revolvitur,
1805 2250 1836 2274 et
1853 2245 1945 2275 semi-

1126 2296 1215 2316 axem
1229 2286 1334 2317 orbitae
1353 2286 1468 2316 lunaris
1482 2290 1523 2317 60
1535 2286 1844 2317 semi-diametrorum
1868 2287 1946 2317 Ter-

1125 2338 1168 2358 rae
1181 2327 1421 2365 assumserimus,
1431 2328 1528 2368 sitque
1537 2338 1635 2358 massa
1647 2328 1749 2358 Terroe
1762 2327 1802 2358 ad
1814 2338 1946 2359 massam

1127 2370 1229 2401 Luuae
1243 2375 1278 2400 ut
1292 2373 1342 2399 42.
1361 2369 1401 2400 ad
1418 2373 1444 2399 1.
1462 2371 1519 2400 erit
1533 2373 1583 2400 4‘2.
1601 2369 1642 2400 ad
1661 2373 1765 2411 ‘¹32⁰‘
1777 2371 1876 2414 cubus
1889 2374 1941 2402 60.

1126 2411 1166 2442 ad
1187 2413 1301 2441 cubum
1323 2411 1503 2451 semi-areos
1518 2412 1583 2452 ejus
1603 2411 1742 2451 ellipseos
1755 2422 1850 2452 quam
1865 2413 1946 2454 (mn.-

1127 2459 1220 2483 nente
1241 2453 1347 2484 eadem
1368 2453 1524 2494 gravitatis
1541 2455 1609 2494 lege
1629 2454 1797 2494 eodemque
1810 2460 1946 2494 tempore

1125 2493 1292 2535 periodico)
1310 2495 1403 2526 Luna
1416 2495 1540 2527 relative
1558 2496 1707 2527 describet
1723 2496 1802 2526 circa
1817 2496 1946 2527 'rernm

1126 2536 1204 2567 dum
1223 2537 1289 2576 ipsa
1311 2537 1407 2568 Terra
1420 2537 1530 2568 mutua
1552 2538 1654 2569 Lunae
1672 2538 1851 2569 attractione
1866 2537 1946 2569 cim
1980 2576 1985 2578 ,

1126 2584 1265 2609 centrum
1286 2579 1440 2620 gravitatis
1458 2589 1623 2611 commune
1637 2579 1740 2610 revera
1753 2580 1923 2612 revolvem
1931 2591 1944 2618 3

1126 2645 1180 2677 ine
1194 2656 1267 2687 ergo
1280 2646 1435 2678 semi-axis
1448 2647 1506 2678 erit
1520 2626 1562 2652 ⁴⁵
1578 2627 1611 2658 Χ
1630 2626 1755 2653 210000

1781 2647 1871 2690 cujus
1896 2656 1946 2678 ra-

1616 2677 1658 2703 42

1127 2713 1181 2744 dix
1205 2714 1312 2745 cubica
1336 2720 1382 2745 est
1402 2718 1498 2747 60.47
1521 2714 1584 2746 fere
1604 2715 1669 2756 6οξ
1688 2721 1724 2746 ut
1741 2715 1833 2747 habet
1851 2714 1945 2746 Nev-

1127 2761 1227 2786 tonus.

1170 2801 1222 2831 65.
1251 2798 1373 2829 Eodem
1395 2799 1489 2830 modo
1512 2810 1575 2840 quo
1598 2799 1694 2831 Luna
1715 2799 1748 2830 in
1773 2797 1872 2830 orbiti
1890 2797 1948 2830 cua

1130 2839 1296 2871 revolvitur
1323 2840 1403 2872 circa
1433 2841 1600 2878 Tellurem,
1639 2841 1684 2872 ἰαὶ
1709 2840 1796 2873 aliud
1820 2840 1950 2882 quodvis

1131 2892 1223 2923 grave
1244 2892 1282 2912 ex
1303 2890 1418 2922 puncto
1439 2883 1523 2915 extra
1546 2883 1680 2915 Telluris
1696 2883 1887 2923 superficiem
1900 2892 1950 2914 ne-

1132 2924 1271 2954 cundum
1294 2932 1407 2957 rectam
1429 2925 1649 2957 horizontalem
1666 2925 1738 2957 satis
1758 2924 1858 2956 valide
1878 2934 1950 2965 pro-

1129 2966 1245 3006 jectum
1272 2967 1400 2998 orbitam
1425 2968 1613 3005 describeret,
1643 2973 1674 2998 et
1700 2967 1830 3007 planetae
1857 2967 1952 2999 instat

1134 3008 1294 3051 periodum
1315 3020 1401 3040 suam
1422 3010 1587 3051 compleret
1609 3011 1674 3052 (10.
1697 3009 1767 3042 Lib.
1787 3009 1843 3048 Ι.)-
1891 3009 1953 3040 sod
