2092 3470
160 209 309 253 Luam
330 208 568 258 Tannus]
627 204 951 247 PRINCIPIA
983 203 1478 248 MATHEMATICA.
1806 213 1851 249 31

155 323 391 372 trahuntur,
420 321 501 362 alia
528 319 677 369 minus,
707 319 887 374 plurima
906 333 993 359 non
1012 318 1246 359 trahuntur.

1308 319 1365 360 Et
1384 321 1445 361 vis
1467 322 1698 379 magnetica
1715 321 1759 363 in
1778 336 1862 362 uno

156 405 198 437 et
217 395 364 437 eodem
397 406 571 447 corpore
605 390 764 432 intendi
795 397 932 445 potest
964 400 1005 431 et
1031 390 1197 450 remitti,
1235 398 1379 446 estque
1411 406 1709 449 nonnunquam
1737 391 1862 448 longe

156 470 289 524 major
339 481 418 521 pro
447 464 672 521 quantitate
701 464 885 504 materiae
914 463 1040 518 quam
1059 464 1120 503 vis
1140 462 1367 519 gravitatiS,
1396 470 1438 503 et
1458 464 1500 503 in
1521 478 1683 505 recessu
1703 481 1728 506 a
1746 479 1863 520 mag-

156 531 252 583 nete
307 539 505 582 decrescit
538 538 582 579 in
614 537 777 578 ratione
810 536 1017 577 distantiae
1051 550 1137 576 non
1173 533 1396 589 duplicata,
1428 534 1501 575 sed
1531 534 1616 575 fere
1643 535 1860 590 triplicata,

157 618 357 668 quantum
376 624 430 652 ex
449 609 595 651 crassis
616 606 862 664 quibusdam
883 605 1239 648 observationibus
1260 604 1588 646 animadvertere
1607 607 1736 659 potui.

158 722 364 763 aequalitatem
383 721 537 752 linearum
561 720 588 751 C
604 719 648 756 N,
674 719 700 749 C
719 719 750 756 S,
774 717 906 758 ide6que
919 727 988 757 par-

157 764 237 796 tium
255 765 281 796 C
297 765 325 794 P
337 774 374 795 ac
391 759 420 795 C
428 774 460 803 p,
476 769 541 793 tota
555 763 600 792 vis
613 762 787 802 magnetica
800 767 864 792 tam
880 766 988 790 attrac-

157 807 221 837 tiva
237 806 333 847 quam
354 805 508 845 repulsiva
524 815 616 835 acum
635 810 815 835 convertens
828 808 945 842 puncto
962 802 991 833 P

157 849 311 888 applicata
324 848 440 879 censeri
454 853 564 887 potest.

203 892 236 922 Si
261 901 389 932 magnes
413 891 452 921 M
475 891 514 920 ab
536 900 594 920 acu
620 888 740 919 infinite
765 888 898 923 distaret,
924 886 990 926 pari

158 933 319 964 ratiocinio
339 934 551 963 ostenderetur
572 932 635 962 vim
654 938 750 962 totam
765 929 828 971 qua
842 930 991 960 convertit

158 986 251 1006 acum
260 976 292 1005 in
300 976 454 1015 punctoP
466 985 531 1006 esse
542 974 711 1009 collectam,
723 979 754 1004 et
764 983 819 1012 per
829 972 989 1003 resolutio-

159 1027 233 1048 nem
247 1018 369 1055 virium,
381 1018 444 1047 vim
452 1016 675 1058 quaconvertit
682 1026 784 1052 acum,
796 1025 861 1045 esse
877 1015 916 1045 ad
927 1015 991 1044 vim

157 1065 255 1090 totam
270 1061 337 1101 ejus
351 1060 503 1101 magnetis
523 1059 562 1089 M
577 1065 613 1090 ut
627 1058 712 1089 sinus
725 1058 834 1099 anguli
857 1058 890 1088 N
908 1058 934 1088 C
952 1058 991 1088 M

161 1102 358 1144 (deviationis
371 1112 483 1141 nempe
497 1101 570 1132 acus
583 1112 602 1131 a
615 1101 774 1141 magnete)
797 1100 836 1130 ad
850 1099 982 1131 radium.

203 1144 291 1175 Hinc
312 1145 346 1174 in
367 1155 452 1180 casu,
473 1143 507 1174 in
521 1154 583 1184 quo
597 1153 671 1173 acus
684 1142 823 1183 quiescit,
839 1143 884 1172 vis
898 1153 988 1183 mag-

157 1186 260 1217 netica
283 1187 389 1217 Terrae
411 1192 590 1229 convertens
612 1195 704 1216 acum
733 1191 779 1215 est
802 1184 930 1226 aequalis
957 1185 988 1215 vi

159 1229 314 1269 magnetis
346 1228 535 1260 convertenti
566 1238 668 1263 acum,
704 1227 858 1263 siquidem
885 1234 991 1258 manet

158 1280 232 1301 acus
250 1271 284 1301 in
306 1271 477 1311 aequilibrio
495 1271 530 1301 in
551 1271 612 1301 situ
634 1270 666 1300 N
685 1268 712 1300 C
730 1269 760 1306 S,
775 1268 850 1300 cum
864 1279 939 1310 ergo
952 1270 992 1300 sit

157 1312 206 1343 vis
224 1314 398 1354 magnetica
420 1314 524 1344 Terrae
545 1319 620 1349 tota,
643 1312 683 1343 ad
702 1312 991 1353 vim-magneticam

160 1355 266 1386 Terrae
285 1362 514 1386 convertentem
533 1365 625 1385 acum
646 1362 684 1385 ut
701 1354 806 1385 radius
824 1354 865 1384 ad
886 1354 991 1384 sinum

158 1396 373 1428 declinationis
387 1397 460 1429 acfis
475 1408 493 1428 a
506 1398 678 1427 meridiano
693 1397 886 1437 magnetico;
907 1403 939 1427 et
953 1396 993 1427 sit

158 1439 206 1469 vis
228 1440 380 1480 magnetis
405 1446 585 1470 convertens
610 1449 702 1469 acum
727 1439 868 1480 (aequalis
892 1438 939 1468 illi
961 1439 992 1468 vi

158 1482 344 1522 magnetioae
362 1483 467 1513 Terrae
480 1482 668 1512 convertenti
683 1481 789 1520 acum)
811 1481 851 1511 ad
865 1481 928 1511 vim
942 1487 990 1511 to-

159 1529 225 1553 tam
244 1526 398 1565 magnetis
419 1531 456 1555 ut
473 1524 561 1554 sinus
580 1524 761 1557 deviationis
783 1523 857 1554 acus
871 1534 890 1554 a
903 1534 991 1564 mag-

159 1571 232 1596 nete
246 1566 286 1602 ad
300 1567 422 1598 radium
434 1578 444 1603 ;
467 1576 506 1596 ex
520 1576 609 1606 aequo
623 1572 655 1597 et
669 1576 724 1605 per
737 1565 992 1604 compositionem

159 1608 315 1638 rationum
340 1609 502 1639 habebitur
526 1609 572 1638 vis
596 1614 662 1638 tota
683 1608 859 1648 magnetica
885 1608 992 1638 Terrae

160 1650 201 1681 ad
222 1650 286 1680 vim
306 1657 404 1681 totam
425 1651 581 1692 magnetis
602 1651 639 1680 M
662 1656 699 1681 ut
712 1651 798 1680 sinus
811 1650 992 1681 deviationis

159 1691 234 1722 acils
252 1697 272 1722 a
290 1699 442 1734 magnete,
464 1693 504 1724 ad
525 1693 630 1723 sinum
649 1692 862 1723 declinationis
880 1692 954 1723 acus
973 1703 993 1723 a

159 1734 332 1766 meridiano
353 1735 538 1776 magnetico‚
559 1734 644 1776 quod
663 1736 755 1765 etiam
770 1745 825 1774 per
838 1735 990 1775 composi-

159 1776 277 1808 tionem
292 1778 403 1808 virium
418 1777 620 1808 demonstrari
635 1778 791 1817 potuisset.

205 1819 317 1860 Itaque
337 1821 363 1850 si
388 1820 471 1850 idem
492 1830 622 1861 magnes
642 1820 681 1850 ad
701 1820 793 1850 aliam
815 1819 993 1850 distantiam

160 1869 302 1902 ponatur,
324 1868 360 1892 ut
379 1862 415 1892 in
438 1863 484 1900 X,
507 1862 551 1893 ita
565 1869 602 1893 ut
614 1863 648 1892 in
662 1862 723 1892 alio
738 1862 798 1893 situ
813 1872 905 1893 acum
918 1872 990 1893 con—

161 1905 278 1942 stituat,
302 1905 466 1936 habebitur
489 1905 583 1935 etiam
602 1905 647 1935 vis
668 1905 821 1944 magnetis
839 1904 872 1934 in
890 1905 935 1941 X,
954 1905 994 1935 ad

161 1946 226 1976 vim
240 1953 337 1977 totam
351 1948 559 1988 magneticam
576 1947 691 1984 Terrae,
707 1954 744 1977 ut
757 1948 845 1978 sinus
858 1947 993 1978 declina-

161 1988 258 2019 tionis
285 1988 360 2019 acus
389 2000 408 2019 a
431 1989 603 2020 meridiano
628 1990 802 2029 magnetico
827 1989 866 2020 ad
891 1990 995 2020 sinum

163 2030 344 2061 deviationis
354 2030 428 2061 acus
443 2042 463 2061 a
476 2039 629 2071 magnete.
679 2032 786 2067 Quare
799 2042 854 2070 per
868 2042 994 2072 compo-

163 2073 307 2103 sitionem
330 2074 487 2103 rationum
511 2073 569 2104 erit
591 2074 635 2103 vis
659 2074 813 2114 magnetis
833 2074 867 2103 in
892 2073 936 2109 X,
955 2074 996 2105 ad

163 2115 226 2145 vim
248 2115 403 2156 magnetis
417 2116 451 2145 in
467 2116 518 2152 M,
542 2123 578 2146 ut
592 2116 679 2146 sinus
693 2116 907 2147 declinationis
921 2116 997 2147 acfis

163 2168 185 2188 a
204 2157 375 2188 meridiano
396 2157 572 2198 magnetico
593 2157 667 2188 cum
689 2168 818 2198 magnes
838 2164 884 2189 est
904 2158 938 2188 in
962 2159 995 2189 X

164 2199 279 2230 divisus
300 2210 355 2239 per
375 2200 479 2230 sinum
502 2199 682 2239 deviationis
696 2202 734 2230 ab
748 2210 785 2230 eo
799 2207 943 2240 magnete
963 2201 997 2230 in

167 2242 202 2273 X
218 2242 329 2282 posito,
345 2242 384 2272 ad
399 2242 503 2273 sinum
518 2241 732 2272 declinationis
753 2241 827 2273 acus
841 2253 860 2272 a
873 2242 995 2273 meridi-

164 2294 226 2314 ano
247 2284 421 2325 magnetico
440 2284 513 2315 cum
534 2295 663 2325 magnes
683 2291 730 2315 ost
750 2285 783 2314 in
807 2285 845 2315 M
865 2284 999 2315 divisum

163 2337 220 2366 per
233 2326 336 2357 sinum
348 2326 555 2357 deviationisa
564 2333 717 2367 magnete,
730 2327 804 2357 inM
817 2327 926 2366 posito,
942 2328 1000 2357 hoc

166 2375 223 2406 est,
246 2369 292 2399 vis
306 2369 459 2409 magnetis
473 2369 506 2399 in
520 2369 646 2401 diversis
659 2369 819 2406 distantiis,
844 2369 997 2410 (infinitis,

165 2417 306 2450 respectu
327 2411 550 2452 magnitudinis
571 2411 659 2451 acus)
682 2418 728 2442 est
750 2418 787 2442 ut
805 2412 891 2442 sinus
905 2411 1015 2443 decli-2

165 2454 299 2484 nationis
319 2453 393 2484 acus
406 2465 425 2484 a
439 2455 614 2494 magnetico
633 2454 803 2485 meridiano
817 2454 932 2485 divisus
946 2464 1000 2493 per

168 2495 272 2526 sinum
286 2495 466 2527 deviationis
479 2497 546 2537 ejus
560 2507 579 2527 a
592 2503 746 2537 magnete.

213 2537 369 2579 Equidem
387 2539 511 2580 quando
529 2549 659 2579 magnes
677 2539 750 2569 satis
764 2545 810 2570 est
825 2538 943 2569 vicinus
961 2540 1000 2570 ab

168 2590 228 2611 acu
257 2585 294 2610 ut
321 2579 439 2611 diversa
463 2581 579 2612 censeri
605 2582 699 2621 possit
724 2581 792 2623 ejus
813 2581 958 2612 distantia
982 2593 1001 2612 a

168 2622 295 2653 diversis
316 2623 439 2662 punctis
464 2623 547 2660 acue,
573 2629 605 2654 et
627 2623 736 2654 fortior
756 2623 796 2654 sit
817 2625 884 2666 ejus
903 2625 948 2654 vis
967 2625 999 2654 in

167 2671 285 2705 puncta
310 2664 455 2695 viciniora
479 2667 575 2706 quam
597 2667 631 2696 in
650 2666 824 2703 remotiora,
847 2666 1001 2707 simulque

169 2707 249 2738 actio
272 2707 424 2747 magnetis
446 2707 486 2738 ad
510 2708 630 2740 diversa
649 2715 766 2748 puncta
788 2708 862 2739 acus
881 2709 1000 2739 diversa

169 2759 244 2781 eum
258 2749 439 2790 obliquitate
454 2750 633 2789 applicetur,
655 2758 797 2781 centrum
812 2751 942 2782 actionis
956 2752 1002 2782 vis

168 2792 323 2832 magnetis
337 2791 390 2821 fiet
404 2791 535 2822 vicinius
548 2793 732 2823 extremitati
749 2794 791 2830 N,
811 2800 946 2824 attamen
962 2795 1002 2824 ob

170 2833 302 2874 figuram
327 2834 487 2877 vulgarem
510 2833 584 2864 acus
605 2836 787 2876 magnetica!
801 2847 871 2877 quae
891 2836 1002 2875 spiculi

169 2875 266 2906 instar
284 2876 416 2908 formata
436 2876 516 2906 circa
529 2883 680 2915 punctum
700 2876 727 2907 P
742 2878 833 2909 latior
846 2885 902 2915 est,
926 2889 999 2909 cen·

170 2922 254 2951 uum
267 2919 426 2950 rotationis
441 2918 515 2949 acus
528 2918 562 2948 in
576 2926 692 2958 puncto
705 2920 734 2949 P
743 2930 868 2952 manere
882 2921 999 2954 censeri

171 2966 271 3001 potest
283 2961 343 2991 nisi
357 2961 453 2992 nimia
467 2961 506 2992 sit
519 2961 672 3003 magnetis
685 2962 803 2995 vicinia.

1075 715 1217 758 Ideoque
1231 717 1376 748 distantia
1394 717 1545 758 magnetis
1559 718 1598 748 ab
1612 727 1671 749 acu
1685 723 1717 748 et
1730 718 1864 757 angulus

1032 759 1214 790 deviationis
1241 759 1316 790 acfis
1350 771 1370 790 a
1402 766 1547 800 magnete
1578 760 1865 791 determinabuntur

1032 802 1176 832 ducendo
1197 802 1311 833 lineam
1333 813 1353 832 a
1369 808 1475 833 centro
1493 803 1646 843 magnetis
1659 802 1700 832 ad
1714 802 1746 832 id
1767 813 1864 842 punc-

1030 852 1099 875 tum
1114 842 1141 875 P
1156 843 1248 885 atqiie
1261 846 1310 874 his
1327 845 1490 885 Principiis
1503 855 1557 884 per
1570 845 1778 884 experimenta
1792 856 1863 875 mox

1031 887 1218 917 recensenda
1232 887 1311 917 vires
1325 895 1508 928 magnetum
1526 887 1560 917 in
1574 887 1699 918 diversis
1713 887 1865 918 distantiis

1032 930 1201 969 positorum
1217 929 1345 960 fuerunt
1359 930 1525 960 aestimatae.

1077 972 1117 1002 Iu
1132 972 1180 1001 his
1194 972 1411 1011 experimentis
1421 973 1559 1003 adhibita
1572 973 1635 1004 fuit
1648 983 1722 1004 acus
1737 983 1864 1014 magne-

1033 1014 1093 1045 tica
1121 1015 1216 1044 trium
1242 1015 1401 1052 pollicum,
1425 1025 1496 1055 quae
1521 1022 1558 1045 ut
1582 1016 1670 1052 solet,
1684 1016 1866 1055 'attingebat

1034 1055 1166 1097 utrthue
1188 1057 1378 1087 extremitate
1407 1057 1559 1089 circulum
1584 1058 1716 1088 divisum
1739 1059 1772 1089 in
1794 1069 1866 1088 suos

1030 1099 1154 1140 gradus,
1167 1099 1322 1140 ductaque
1333 1099 1415 1130 linea
1425 1100 1670 1139 perpendiculari
1679 1102 1710 1130 in
1722 1108 1865 1131 centrum

1030 1141 1104 1172 acus
1116 1141 1190 1172 cum
1203 1152 1312 1181 sponte
1322 1143 1355 1172 in
1367 1142 1538 1173 meridiano
1549 1145 1724 1183 magnetico
1733 1143 1863 1184 jacebat,

1031 1184 1241 1224 applicabatur
1256 1195 1384 1224 magnes
1397 1185 1676 1225 parallelepipedon
1691 1196 1782 1224 super
1796 1196 1866 1216 eam

1033 1227 1157 1264 lineam,
1174 1227 1218 1257 ita
1231 1233 1267 1256 ut
1281 1228 1348 1267 ejus
1359 1227 1453 1257 facies
1466 1228 1585 1266 polares
1599 1228 1866 1268 perpendiculares

1033 1276 1134 1299 essent
1166 1270 1194 1299 ei
1230 1269 1330 1303 lineae.
1371 1269 1522 1310 polusque
1550 1271 1618 1310 ejus
1657 1270 1866 1301 meridionalis

1034 1322 1126 1342 acum
1141 1318 1300 1351 spectaret,
1318 1312 1544 1353 Borealemque
1559 1313 1625 1354 ejus
1639 1320 1810 1345 extremum
1826 1313 1866 1343 ad

1035 1364 1068 1384 se
1091 1355 1233 1391 traheret,
1259 1356 1515 1385 mensurabantur
1542 1355 1695 1386 distantia:
1720 1366 1738 1385 a
1760 1362 1866 1386 centro

1034 1395 1108 1427 acus
1118 1397 1157 1427 ad
1172 1402 1312 1427 centrum
1323 1397 1475 1437 magnetis
1490 1398 1524 1427 in
1538 1397 1702 1437 pollicibus
1716 1398 1866 1439 lineisque

1038 1439 1271 1476 Parisiensibus
1294 1446 1325 1469 et
1345 1441 1560 1470 observabatur
1578 1440 1729 1481 quantum
1750 1441 1783 1470 in
1802 1442 1865 1470 sin-

1033 1481 1117 1521 gulis
1132 1482 1285 1521 magnetis
1299 1481 1451 1513 distantiis
1470 1482 1639 1515 discederet
1653 1493 1727 1514 acus
1740 1494 1760 1514 a
1773 1484 1866 1513 meri-

1034 1524 1128 1554 diano
1148 1524 1331 1564 magnefico,
1356 1531 1435 1561 tum,
1461 1524 1563 1564 primo
1583 1526 1736 1566 graphice,
1762 1533 1868 1565 postea

1036 1566 1158 1596 calculo
1168 1566 1428 1608 trigonometrico,
1441 1566 1587 1598 distantia
1596 1568 1693 1598 centri
1704 1568 1865 1608 magnetis,

1035 1619 1054 1638 a
1068 1615 1174 1639 centro
1186 1608 1345 1642 rotationis
1358 1608 1442 1646 Βοῦς,
1458 1615 1494 1639 ut
1508 1616 1539 1639 et
1550 1610 1686 1651 angulus
1696 1610 1763 1650 ejus
1778 1610 1867 1640 lineae

1035 1661 1107 1681 cum
1134 1661 1202 1686 acu,
1229 1651 1530 1682 determinabantur:
1557 1652 1654 1682 diviso
1674 1652 1778 1692 itaque
1797 1652 1867 1682 sinu

1035 1692 1248 1724 declinationis
1256 1692 1330 1723 acus
1339 1703 1393 1732 per
1401 1693 1504 1724 sinum
1514 1694 1603 1724 istius
1610 1694 1718 1735 anguli
1726 1694 1868 1735 quotiens

1034 1736 1179 1774 exprimit
1207 1735 1357 1766 rationem
1384 1735 1430 1765 vis
1457 1737 1640 1777 magnetica*
1665 1737 1698 1767 in
1724 1737 1869 1767 distantia

1035 1778 1158 1818 singula
1179 1778 1313 1814 inventa,
1336 1777 1398 1808 sive
1419 1777 1609 1819 logarithmis
1630 1781 1755 1815 utendo,
1779 1779 1868 1810 diffe-

1034 1821 1135 1850 rentia
1149 1820 1403 1861 logarithmorum
1424 1821 1550 1852 sinuum
1565 1822 1752 1863 angulorum
1766 1821 1868 1852 devia-

1036 1863 1129 1893 tionis
1150 1873 1170 1893 a
1190 1863 1362 1893 meridiano
1378 1864 1554 1904 magnetico
1568 1871 1599 1895 et
1613 1875 1631 1894 a
1646 1870 1791 1906 magnete
1812 1865 1870 1896 erit

1036 1905 1240 1946 logarithmus
1261 1905 1308 1936 vis
1327 1905 1520 1946 magneticae,
1543 1906 1576 1936 in
1596 1906 1741 1939 distantia
1759 1907 1791 1936 in
1806 1907 1870 1947 qua

1036 1947 1146 1988 anguli
1160 1948 1207 1977 illi
1217 1949 1381 1984 habentur,
1393 1954 1424 1978 et
1433 1949 1523 1979 tertia
1533 1959 1602 1988 pars
1610 1950 1677 1990 ejus
1688 1949 1869 1979 differentiae

1038 1989 1096 2020 erit
1111 1989 1314 2030 logarithmus
1328 1990 1438 2021 radicis
1451 1992 1568 2021 cubicae
1579 1992 1624 2021 vis
1634 1991 1826 2032 magneticae,
1838 1998 1870 2022 et

1038 2033 1201 2072 assumptis
1216 2032 1254 2062 iis
1267 2031 1421 2063 radicibus
1434 2034 1550 2065 cubicis
1565 2034 1596 2063 in
1611 2034 1758 2069 numeris,
1774 2034 1800 2063 si
1815 2043 1870 2072 per

1040 2085 1091 2105 eas
1110 2074 1267 2107 dividatur
1285 2084 1434 2106 numerus
1449 2076 1558 2116 aliquis
1573 2082 1714 2106 constans
1737 2075 1804 2117 (qui
1819 2075 1870 2107 hic

1039 2123 1086 2147 est
1099 2116 1177 2158 57ᾗ)
1198 2117 1371 2157 quotientes
1388 2125 1479 2148 erunt
1497 2119 1572 2156 ipsae
1591 2117 1762 2156 distantiae3
1785 2118 1870 2148 unde

1038 2159 1136 2199 liquet
1150 2160 1233 2199 quod
1248 2158 1365 2189 radices
1379 2160 1495 2190 cubicae
1509 2160 1621 2190 virium
1630 2161 1784 2201 magnetis
1797 2166 1870 2190 sunt

1039 2200 1160 2232 inverse
1174 2207 1210 2232 ut
1223 2201 1385 2238 distantiae,
1406 2202 1468 2233 sive
1488 2202 1572 2242 quod
1587 2202 1631 2234 vis
1643 2203 1818 2243 magnetica
1831 2203 1871 2233 sit

1040 2243 1159 2274 inverse
1184 2245 1216 2273 in
1241 2243 1359 2273 ratione
1381 2243 1533 2283 triplicata
1555 2244 1788 2276 distantiarum:
1823 2255 1870 2275 se-

1041 2286 1148 2325 quenti
1163 2284 1235 2316 vero
1249 2285 1378 2315 Tabella
1389 2286 1572 2317 exhibentur
1584 2288 1652 2318 htec
1662 2287 1871 2327 experimenta

1041 2326 1157 2368 magna
1171 2326 1247 2358 cura
1260 2327 1408 2363 instituta,
1421 2339 1493 2359 cum
1505 2329 1624 2361 calculo
1638 2329 1711 2360 inde
1719 2329 1869 2368 deducto3

1042 2370 1144 2409 prima
1157 2370 1303 2400 columna
1316 2369 1457 2411 designat
1475 2371 1633 2402 distantias
1646 2383 1665 2402 a
1679 2379 1784 2402 centro
1798 2371 1872 2403 acus

1042 2412 1081 2443 ad
1103 2421 1245 2443 centrum
1266 2414 1439 2453 magnetis;
1462 2415 1598 2444 secunda
1611 2414 1757 2445 columna
1770 2414 1871 2456 desig-

1042 2461 1096 2486 nat
1117 2454 1292 2485 distantiam
1313 2464 1332 2484 a
1353 2461 1458 2486 centro
1479 2456 1637 2487 rotationis
1650 2456 1723 2487 acfis
1737 2456 1777 2487 ad
1798 2466 1870 2487 cen-

1042 2503 1126 2528 trum
1156 2496 1330 2538 magnetis3
1367 2499 1456 2528 tertia
1487 2498 1722 2530 declinationem
1751 2498 1826 2534 aesia
1852 2510 1872 2530 a

1042 2540 1212 2571 meridiano
1241 2540 1416 2580 magnetico
1443 2551 1514 2571 cum
1543 2551 1601 2571 suo
1628 2541 1813 2582 logarithmo
1840 2548 1873 2573 et

1043 2582 1134 2620 tertia
1154 2583 1222 2623 ejus
1242 2588 1350 2621 parte;
1373 2590 1489 2623 quarta,
1510 2583 1747 2617 declinationem
1766 2583 1840 2619 actis
1852 2595 1873 2621 a

1043 2621 1126 2655 linea
1147 2624 1243 2655 ducta
1263 2634 1283 2654 e
1299 2631 1403 2656 centro
1418 2626 1575 2656 rotationis
1590 2625 1663 2656 acus
1677 2626 1716 2656 ad
1730 2633 1871 2657 centrum

1043 2668 1197 2709 magnetis
1218 2678 1292 2698 cum
1314 2678 1372 2698 suo
1392 2667 1577 2712 logarithmo
1599 2675 1630 2699 et
1654 2667 1744 2705 tertia¹
1764 2674 1878 2709 parte}

1043 2710 1161 2750 quinta,
1188 2709 1377 2742 differentias
1406 2721 1512 2741 earum
1541 2711 1698 2748 tertiarum
1726 2711 1869 2753 partium,

1043 2763 1116 2783 cum
1131 2752 1195 2782 suis
1210 2753 1346 2786 numeris
1359 2753 1414 2802 qui
1436 2753 1584 2783 rationem
1600 2753 1778 2794 exprimunt
1790 2753 1872 2790 mdi-
1890 2772 1895 2779 ·

1044 2805 1116 2826 cum
1132 2794 1311 2829 cubicarum
1327 2796 1438 2825 virium
1453 2795 1606 2840 magnetis
1622 2795 1655 2825 in
1670 2795 1797 2826 diversis
1809 2796 1873 2828 dis-

1045 2837 1170 2874 tantiis;
1202 2843 1287 2868 sexta
1312 2837 1444 2878 denique
1469 2838 1641 2878 quotientes
1661 2839 1784 2869 numeri
1804 2839 1870 2880 57³}

1042 2889 1098 2920 per
1113 2880 1186 2910 istos
1199 2889 1345 2910 numeros
1356 2879 1453 2915 divisi,
1469 2880 1523 2920 qui
1534 2880 1707 2922 quotientes
1720 2881 1800 2924 ipm
1810 2880 1873 2917 dis-

1043 2922 1155 2953 tantias
1169 2921 1402 2965 quamproxime
1417 2929 1550 2968 tequam.

991 3068 1058 3102 ΕΒ
