2092 3470
241 233 325 271 220
636 225 723 268 DE
755 225 957 269 CAUSA
989 224 1260 269 PHYSICA
1292 226 1544 270 FLUXUS

216 348 353 382 >motu
382 339 572 395 ellipseos
605 338 715 381 circat
742 339 985 382 alterutrum
1005 354 1139 390 axem,
1163 340 1324 400 sintque
1356 341 1392 382 B
1413 349 1455 383 et
1480 341 1525 383 D
1554 341 1767 396 particulae
1787 343 1940 399 quaevis

236 413 280 453 in
301 411 446 453 eodem
467 411 793 453 semi—diametro
814 412 916 462 sitae,
947 412 1190 467 gravitatem
1209 413 1422 467 particulae
1444 414 1482 455 B
1502 413 1644 456 versus
1665 414 1941 470 sphaeroidem
1992 420 1993 423 ’

236 484 324 526 fore
344 484 397 526 ad
416 485 657 541 gravitatem
686 485 901 540 particulae
920 485 965 527 D
987 491 1033 527 ut
1052 484 1248 526 distantia
1269 484 1306 527 C
1329 485 1367 527 B
1386 485 1440 527 ad
1459 485 1695 528 distantiam
1717 486 1753 529 C
1774 487 1834 538 D,
1863 501 1940 543 per

238 557 514 600 Corollarium
533 558 784 614 praecedens.

859 658 1091 701 LEMMA
1123 625 1198 700 1v'.

293 758 356 800 Sit
377 758 417 800 A
432 757 469 800 B
482 773 507 799 a
521 759 549 800 b
571 758 769 813 sphaerois
787 759 927 815 genita
945 766 1062 799 motu
1082 757 1395 814 semi-ellipseos
1417 759 1457 800 A
1472 759 1510 800 B
1530 775 1555 800 a
1574 757 1683 801 circei
1702 774 1823 801 axem
1843 759 1883 801 A
1899 774 1936 810 a,

236 830 272 872 P
300 831 502 886 particula
529 832 684 887 quaevis
718 832 761 872 in
790 831 1007 886 superficie
1042 830 1175 882 solidi,
1218 830 1270 873 sit
1309 831 1346 874 P
1369 831 1412 873 K
1442 831 1531 873 axis
1565 831 1761 873 normalis
1795 831 1838 872 in
1870 831 1938 882 K;

232 909 274 943 et
295 900 331 943 P
350 902 395 944 D
420 902 487 942 axi
517 901 713 956 parallela
733 909 922 942 occurrat
940 901 1066 956 plano
1098 901 1135 942 B
1154 901 1183 942 b

233 971 363 1028 (quod
401 971 471 1012 axi
512 972 758 1026 supponitur
795 970 999 1023 normale)
1039 971 1084 1011 in
1122 971 1180 1012 D.
1284 993 1285 996 ¹
1598 978 1637 1015 B

234 1039 479 1081 Resolvatur
510 1039 570 1080 vis
602 1039 682 1094 qufi
714 1040 915 1094 particula
943 1040 980 1082 P
1005 1041 1181 1098 gravitat
1410 1025 1814 1163 fN

229 1109 370 1153 versus
391 1109 667 1165 sphaeroidem
687 1110 730 1150 in
746 1109 848 1151 duas
868 1110 988 1162 vires,
1010 1112 1180 1154 alteram
1350 1060 1817 1176 1)ιῂ
1831 1140 1856 1174 1

227 1328 430 1384 particula
452 1328 494 1370 K
514 1328 557 1368 in
577 1327 646 1369 axi
672 1327 749 1368 sita
768 1327 901 1368 tendit
920 1327 978 1369 ad
993 1337 1181 1370 centrum
1404 1177 1897 1465 &ww

230 1399 362 1449 solidi,
395 1398 599 1453 posterior
633 1405 771 1439 autem
810 1397 980 1453 aequalis
1018 1399 1060 1440 vi
1098 1399 1178 1456 qufi
1238 1423 1284 1467 Α
1645 1392 1677 1464 QX

289 1617 550 1659 Producatur
582 1617 618 1659 P
641 1616 684 1658 K
714 1617 847 1658 donec
874 1617 1016 1660 rursus
1037 1630 1181 1664 occur·
1603 1417 1811 1698 W

1604 1690 1731 1714 —'«»

230 1184 300 1226 axi
328 1184 579 1239 parallelam,
611 1183 782 1225 alteram
802 1184 935 1226 eidem
959 1186 1180 1241 perpendi·
1380 1184 1398 1193 ”

219 1255 426 1314 ‘culm-em,
463 1256 621 1311 eritque
658 1255 774 1310 prior
813 1256 982 1312 aequalis
1020 1257 1061 1298 vi
1099 1257 1180 1313 qua
1370 1254 1383 1291 Γ

323 1472 332 1480 .
863 1468 874 1482 x
943 1470 952 1479 ‚
1293 1184 1459 1484 spicil
1535 1369 1604 1463 llll

227 1471 429 1588 particula
468 1471 512 1514 D
552 1478 724 1528 urgetur
761 1484 902 1512 versus
940 1470 1051 1511 idem
1083 1486 1180 1513 cen·
1258 1465 1397 1601 ιωζῆ
1543 1467 1603 1685 ¹7

247 1561 352 1590 rum.
1262 1557 1289 1583 z
1522 1527 1560 1685 l

230 1697 294 1730 rat
310 1689 444 1744 'ellipsi
466 1687 711 1744 generatrici
729 1687 773 1728 in
796 1687 859 1738 H,
886 1686 1061 1731 ducatur
1083 1687 1132 1728 H
1152 1686 1181 1727 d

229 1759 427 1815 parallela
449 1759 518 1800 axi
549 1759 590 1800 A
610 1774 635 1800 a
663 1772 758 1815 quae
778 1766 968 1800 occurrat
995 1759 1065 1800 axi
1096 1758 1134 1800 B
1152 1757 1181 1799 b

229 1831 273 1871 in
303 1831 344 1880 d,
376 1830 654 1885 concipiamus
685 1830 862 1872 solidum
892 1831 936 1873 D
957 1845 986 1871 n
1006 1831 1035 1872 d
1056 1830 1099 1871 N
1127 1829 1181 1872 si-

230 1902 327 1944 mile
365 1902 444 1956 ipsi
485 1902 522 1943 B
544 1902 586 1943 A
605 1902 634 1943 b
654 1916 680 1943 a
712 1909 753 1943 et
787 1902 972 1943 similiter
1001 1901 1183 1956 positum

230 1973 409 2014 describi
436 1986 560 2027 super
579 1986 700 2012 axem
726 1972 771 2013 D
792 1971 833 2013 d.
894 1972 1064 2014 Horum
1083 1971 1180 2013 soli-

234 2046 385 2086 dorum
405 2045 606 2086 sectiones
628 2045 681 2086 ab
701 2045 850 2086 eodem
878 2045 1006 2100 plano
1036 2053 1206 2087 resectae
1226 2053 1348 2087 erunt
1368 2059 1529 2100 semper
1549 2045 1710 2100 ellipses
1731 2045 1883 2096 similes
1901 2052 1943 2088 et

233 2117 420 2158 similiter
439 2117 600 2172 positae,
632 2116 693 2158 uti
713 2125 861 2158 notum
883 2125 945 2159 est
964 2124 1005 2158 et
1023 2116 1141 2160 facile
1162 2116 1403 2158 ostenditur.
1467 2115 1559 2158 Sint
1577 2116 1704 2172 igitur
1734 2116 1772 2158 B
1794 2116 1835 2158 A
1853 2116 1884 2158 b
1902 2131 1940 2166 a,

233 2187 278 2229 D
298 2202 327 2228 n
347 2187 376 2228 d
397 2187 440 2229 N
468 2187 713 2243 hujusmodi
732 2186 881 2244 figurae
902 2202 927 2228 a
955 2187 1082 2242 plano
1113 2187 1148 2229 P
1162 2188 1202 2229 A
1222 2188 1251 2229 b
1271 2188 1294 2229 Ι
1315 2187 1354 2230 Β
1376 2188 1425 2238 P,
1457 2187 1570 2243 quod
1590 2202 1752 2241 semper
1771 2187 1943 2230 transire

231 2266 410 2314 ponatur
429 2273 504 2314 per
525 2258 663 2299 datam
682 2266 838 2299 rectam
861 2258 897 2300 P
909 2258 953 2300 D
968 2259 990 2300 I
1011 2266 1179 2300 resectae
1200 2273 1254 2299 ex
1274 2257 1472 2299 similibus
1491 2257 1604 2298 hisce
1624 2250 1777 2298 solidi's.
1828 2257 1941 2299 Con-

233 2330 362 2371 tineat
381 2329 552 2384 planum
583 2329 619 2370 P
634 2343 655 2369 z
674 2329 708 2370 Z
725 2329 747 2369 Ι
764 2329 806 2370 T
834 2343 930 2370 cum
949 2329 1075 2384 plano
1095 2329 1226 2384 priori
1245 2328 1443 2385 angulum
1463 2326 1801 2384 quamminimum
1823 2335 1863 2370 et
1881 2328 1942 2369 fa-

235 2402 315 2444 ciat
335 2402 536 2444 sectiones
558 2401 711 2443 similes
743 2401 780 2442 P
792 2416 814 2442 z
829 2401 863 2442 Z
880 2401 903 2442 Ι
918 2401 972 2452 Τ,
1003 2401 1048 2443 D
1063 2416 1085 2442 ι·
1103 2401 1141 2443 R
1155 2401 1200 2443 D
1221 2409 1263 2442 et
1283 2400 1467 2442 similiter
1484 2399 1638 2454 positas
1658 2399 1702 2440 in
1721 2398 1943 2454 praedicto-

212 2463 328 2515 lrum
359 2473 586 2514 solidorum
617 2472 926 2527 superficiebus.
989 2472 1122 2518 Hisce
1149 2471 1306 2526 positis,
1335 2470 1536 2524 imprimis
1564 2469 1828 2511 ostendemus
1859 2470 1944 2511 vim

237 2543 320 2602 qufi
349 2543 552 2599 particula
584 2543 620 2585 P
650 2551 823 2600 urgetur
850 2542 992 2584 versus
1022 2543 1106 2584 duo
1127 2543 1256 2584 frusta
1275 2557 1367 2598 quae
1386 2541 1520 2597 planis
1552 2541 1588 2582 P
1607 2540 1637 2582 b
1657 2541 1693 2592 Ι,
1732 2541 1770 2583 P
1792 2541 1826 2583 Z
1847 2541 1871 2583 I
1903 2547 1947 2584 et

234 2616 371 2672 planis
393 2615 429 2656 P
445 2615 482 2656 B
500 2614 536 2664 I,
561 2614 597 2655 P
614 2613 654 2655 T
670 2614 692 2655 I
715 2613 990 2663 continentur,
1012 2614 1049 2655 si
1068 2613 1287 2655 reducatur
1306 2612 1361 2653 ad
1380 2603 1649 2652 directionem
1671 2611 1708 2653 P
1724 2610 1781 2662 K,
1803 2625 1943 2667 aequaae-

232 2689 317 2731 lem
346 2687 434 2729 sore
463 2687 504 2728 vi
534 2685 615 2742 qufi
645 2686 849 2742 particula
878 2686 923 2728 D
952 2694 1125 2743 urgetur
1152 2685 1292 2728 versus
1319 2684 1496 2727 frustum
1524 2684 1659 2740 planis
1688 2685 1734 2728 D
1753 2699 1784 2727 n
1809 2684 1852 2726 N
1880 2685 1940 2736 D,

236 2760 283 2803 D
298 2776 320 2802 r
337 2761 378 2803 R
398 2760 443 2802 D
463 2759 740 2802 terminatum.
986 2754 991 2760 ⁶

298 2834 390 2875 Sint
411 2833 523 2875 enim
552 2832 597 2875 N
615 2846 657 2883 n,
690 2832 747 2873 N'
761 2832 803 2873 n'
828 2832 923 2873 duae
943 2833 1144 2874 ordinatae
1164 2847 1217 2874 ex
1236 2832 1421 2873 interiori
1441 2831 1574 2887 ellipsi
1593 2831 1647 2873 ad
1673 2845 1793 2873 axem
1822 2831 1868 2873 D
1887 2831 1917 2872 d
1928 2847 1941 2881 ;

237 2903 322 2945 sint
342 2905 392 2959 (²¹)
418 2904 454 2945 P
477 2904 541 2955 M,
577 2904 613 2945 P
632 2919 687 2954 m,
720 2903 756 2945 P
771 2903 836 2945 ΜΙ
865 2911 906 2945 et
936 2903 972 2945 P
992 2906 1047 2944 m'
1076 2897 1300 2960 respective
1319 2904 1527 2959 parallelae
1546 2904 1667 2946 rectis
1694 2903 1739 2946 D
1761 2904 1815 2954 N,
1838 2904 1883 2945 D
1897 2918 1940 2954 n,

283 3015 330 3059 (¹)
356 3003 397 3046 In
423 3016 480 3047 hac
507 3015 607 3057 figur&
631 3016 831 3048 describenda
851 3023 948 3048 rectas
971 3017 1004 3047 N
1029 3017 1070 3053 R,
1114 3017 1319 3056 perspectivae,
1343 3018 1397 3049 sed
1419 3018 1456 3050 ea
1477 3017 1594 3050 ratione
1616 3016 1678 3058 quai.
1703 3015 1849 3048 facillime
1874 3016 1943 3058 dig.

241 3059 283 3090 N'
310 3058 361 3097 R‘,
389 3058 444 3089 &1:-
481 3069 544 3089 non
574 3059 721 3090 duximus
749 3059 922 3091 secundum
950 3059 1072 3100 regulas
1115 3059 1199 3089 nosci
1213 3061 1337 3099 possint.
