<?xml version="1.0" encoding="UTF-8"?>
<!DOCTYPE html PUBLIC "-//W3C//DTD XHTML 1.0 Transitional//EN"
    "http://www.w3.org/TR/xhtml1/DTD/xhtml1-transitional.dtd">
<html xmlns="http://www.w3.org/1999/xhtml" xml:lang="en" lang="en">
 <head>
  <title>
</title>
<meta http-equiv="Content-Type" content="text/html;charset=utf-8" />
  <meta name='ocr-system' content='tesseract 3.04.00' />
  <meta name='ocr-capabilities' content='ocr_page ocr_carea ocr_par ocr_line ocrx_word'/>
</head>
<body>
  <div class='ocr_page' id='page_1' title='image "./philosophiaenatu03newtuoft_0370.png"; bbox 0 0 2092 3470; ppageno 0'>
   <div class='ocr_carea' id='block_1_1' title="bbox 211 191 1609 280">
    <p class='ocr_par' dir='ltr' id='par_1_1' title="bbox 211 191 1609 280">
     <span class='ocr_line' id='line_1_1' title="bbox 211 191 1609 280; baseline -0.003 -8"><span class='ocrx_word' id='word_1_1' title='bbox 211 191 312 272; x_wconf 25' lang='lat'><strong><em>¹322</em></strong></span> <span class='ocrx_word' id='word_1_2' title='bbox 561 226 915 280; x_wconf 86' lang='lat' dir='ltr'><strong>INQUISITIO</strong></span> <span class='ocrx_word' id='word_1_3' title='bbox 947 226 1219 270; x_wconf 88' lang='lat' dir='ltr'>PHYSICA</span> <span class='ocrx_word' id='word_1_4' title='bbox 1250 226 1318 268; x_wconf 88' lang='lat' dir='ltr'><strong>IN</strong></span> <span class='ocrx_word' id='word_1_5' title='bbox 1349 226 1609 271; x_wconf 90' lang='lat' dir='ltr'>CAUSAM</span> 
     </span>
    </p>
   </div>
   <div class='ocr_carea' id='block_1_2' title="bbox 206 340 1944 3146">
    <p class='ocr_par' dir='ltr' id='par_1_2' title="bbox 206 340 1944 3146">
     <span class='ocr_line' id='line_1_2' title="bbox 223 340 1939 400; baseline -0.001 -15"><span class='ocrx_word' id='word_1_6' title='bbox 223 344 322 387; x_wconf 72' lang='lat' dir='ltr'><strong>vero</strong></span> <span class='ocrx_word' id='word_1_7' title='bbox 342 345 481 400; x_wconf 91' lang='lat' dir='ltr'><strong>ipsum</strong></span> <span class='ocrx_word' id='word_1_8' title='bbox 501 342 725 385; x_wconf 87' lang='lat' dir='ltr'><strong>discrimen</strong></span> <span class='ocrx_word' id='word_1_9' title='bbox 745 356 840 384; x_wconf 90' lang='lat' dir='ltr'><strong>cum</strong></span> <span class='ocrx_word' id='word_1_10' title='bbox 862 341 1021 384; x_wconf 67' lang='lat' dir='ltr'><strong>theoria</strong></span> <span class='ocrx_word' id='word_1_11' title='bbox 1042 340 1186 383; x_wconf 75' lang='lat' dir='ltr'><strong>exacte</strong></span> <span class='ocrx_word' id='word_1_12' title='bbox 1206 341 1420 391; x_wconf 84' lang='lat' dir='ltr'><strong>convenit3</strong></span> <span class='ocrx_word' id='word_1_13' title='bbox 1439 341 1483 382; x_wconf 91' lang='lat' dir='ltr'><strong>in</strong></span> <span class='ocrx_word' id='word_1_14' title='bbox 1502 341 1691 395; x_wconf 90' lang='lat' dir='ltr'><strong>pluribus</strong></span> <span class='ocrx_word' id='word_1_15' title='bbox 1711 340 1822 382; x_wconf 87' lang='lat' dir='ltr'><strong>enim</strong></span> <span class='ocrx_word' id='word_1_16' title='bbox 1839 355 1939 397; x_wconf 76' lang='lat' dir='ltr'><strong>pon-</strong></span> 
     </span>
     <span class='ocr_line' id='line_1_3' title="bbox 222 413 1939 471; baseline -0.001 -13"><span class='ocrx_word' id='word_1_17' title='bbox 222 417 349 458; x_wconf 91' lang='lat' dir='ltr'><strong>tubus</strong></span> <span class='ocrx_word' id='word_1_18' title='bbox 380 423 506 457; x_wconf 87' lang='lat' dir='ltr'><strong>aestus</strong></span> <span class='ocrx_word' id='word_1_19' title='bbox 537 414 744 464; x_wconf 84' lang='lat' dir='ltr'><strong>maximos</strong></span> <span class='ocrx_word' id='word_1_20' title='bbox 776 423 818 456; x_wconf 89' lang='lat' dir='ltr'><strong>et</strong></span> <span class='ocrx_word' id='word_1_21' title='bbox 848 415 1042 456; x_wconf 89' lang='lat' dir='ltr'><strong>minimos</strong></span> <span class='ocrx_word' id='word_1_22' title='bbox 1077 414 1131 455; x_wconf 91' lang='lat' dir='ltr'><strong>ad</strong></span> <span class='ocrx_word' id='word_1_23' title='bbox 1163 413 1368 455; x_wconf 88' lang='lat' dir='ltr'><strong>calculum</strong></span> <span class='ocrx_word' id='word_1_24' title='bbox 1397 415 1693 465; x_wconf 85' lang='lat' dir='ltr'><strong>revocavimus,</strong></span> <span class='ocrx_word' id='word_1_25' title='bbox 1727 422 1851 471; x_wconf 86' lang='lat' dir='ltr'><strong>atque</strong></span> <span class='ocrx_word' id='word_1_26' title='bbox 1884 429 1939 456; x_wconf 87' lang='lat' dir='ltr'><strong>ex</strong></span> 
     </span>
     <span class='ocr_line' id='line_1_4' title="bbox 222 484 1937 542; baseline -0.001 -13"><span class='ocrx_word' id='word_1_27' title='bbox 222 488 422 529; x_wconf 84' lang='lat' dir='ltr'><strong>relatione</strong></span> <span class='ocrx_word' id='word_1_28' title='bbox 454 500 600 528; x_wconf 90' lang='lat' dir='ltr'><strong>eorum</strong></span> <span class='ocrx_word' id='word_1_29' title='bbox 630 485 873 528; x_wconf 86' lang='lat' dir='ltr'><strong>relationem</strong></span> <span class='ocrx_word' id='word_1_30' title='bbox 903 486 1011 528; x_wconf 85' lang='lat' dir='ltr'><strong>inter</strong></span> <span class='ocrx_word' id='word_1_31' title='bbox 1043 485 1151 526; x_wconf 86' lang='lat' dir='ltr'><strong>vires</strong></span> <span class='ocrx_word' id='word_1_32' title='bbox 1184 484 1320 525; x_wconf 87' lang='lat' dir='ltr'><strong>Lunae</strong></span> <span class='ocrx_word' id='word_1_33' title='bbox 1353 499 1402 526; x_wconf 84' lang='lat' dir='ltr'><strong>ac</strong></span> <span class='ocrx_word' id='word_1_34' title='bbox 1436 485 1544 527; x_wconf 88' lang='lat' dir='ltr'><strong>Solis</strong></span> <span class='ocrx_word' id='word_1_35' title='bbox 1577 485 1937 542; x_wconf 67' lang='lat' dir='ltr'><strong>investigavimusg</strong></span> 
     </span>
     <span class='ocr_line' id='line_1_5' title="bbox 221 555 1939 613; baseline -0.001 -15"><span class='ocrx_word' id='word_1_36' title='bbox 221 558 402 613; x_wconf 89' lang='lat' dir='ltr'><strong>hincque</strong></span> <span class='ocrx_word' id='word_1_37' title='bbox 430 555 634 612; x_wconf 74' lang='lat' dir='ltr'><strong>perpetuo</strong></span> <span class='ocrx_word' id='word_1_38' title='bbox 665 555 839 597; x_wconf 89' lang='lat' dir='ltr'><strong>eandem</strong></span> <span class='ocrx_word' id='word_1_39' title='bbox 858 555 944 597; x_wconf 75' lang='lat' dir='ltr'><strong>fere</strong></span> <span class='ocrx_word' id='word_1_40' title='bbox 965 555 1172 596; x_wconf 87' lang='lat' dir='ltr'><strong>rationem</strong></span> <span class='ocrx_word' id='word_1_41' title='bbox 1201 555 1310 596; x_wconf 91' lang='lat' dir='ltr'><strong>inter</strong></span> <span class='ocrx_word' id='word_1_42' title='bbox 1329 555 1436 596; x_wconf 89' lang='lat' dir='ltr'><strong>vires</strong></span> <span class='ocrx_word' id='word_1_43' title='bbox 1461 555 1569 597; x_wconf 87' lang='lat' dir='ltr'><strong>Solis</strong></span> <span class='ocrx_word' id='word_1_44' title='bbox 1593 570 1642 596; x_wconf 87' lang='lat' dir='ltr'><strong>ac</strong></span> <span class='ocrx_word' id='word_1_45' title='bbox 1661 556 1796 597; x_wconf 90' lang='lat' dir='ltr'><strong>Lunae</strong></span> <span class='ocrx_word' id='word_1_46' title='bbox 1816 556 1939 598; x_wconf 89' lang='lat' dir='ltr'><strong>abso-</strong></span> 
     </span>
     <span class='ocr_line' id='line_1_6' title="bbox 221 620 1938 685; baseline -0.001 -14"><span class='ocrx_word' id='word_1_47' title='bbox 221 631 329 672; x_wconf 89' lang='lat' dir='ltr'><strong>lutas</strong></span> <span class='ocrx_word' id='word_1_48' title='bbox 363 629 592 680; x_wconf 85' lang='lat' dir='ltr'><strong>elicuimus,</strong></span> <span class='ocrx_word' id='word_1_49' title='bbox 629 627 981 685; x_wconf 82' lang='lat' dir='ltr'><strong>quemadmodum</strong></span> <span class='ocrx_word' id='word_1_50' title='bbox 1013 627 1058 668; x_wconf 88' lang='lat' dir='ltr'><strong>id</strong></span> <span class='ocrx_word' id='word_1_51' title='bbox 1091 626 1189 668; x_wconf 84' lang='lat' dir='ltr'><strong>fecit</strong></span> <span class='ocrx_word' id='word_1_52' title='bbox 1223 620 1452 668; x_wconf 88' lang='lat' dir='ltr'><strong>Newtonus</strong></span> <span class='ocrx_word' id='word_1_53' title='bbox 1487 641 1542 669; x_wconf 85' lang='lat' dir='ltr'><strong>ex</strong></span> <span class='ocrx_word' id='word_1_54' title='bbox 1580 627 1938 670; x_wconf 76' lang='lat' dir='ltr'><strong>observationibus</strong></span> 
     </span>
     <span class='ocr_line' id='line_1_7' title="bbox 224 701 1938 760; baseline -0.001 -14"><span class='ocrx_word' id='word_1_55' title='bbox 224 703 412 746; x_wconf 86' lang='lat' dir='ltr'><strong>Bristolii</strong></span> <span class='ocrx_word' id='word_1_56' title='bbox 443 711 485 745; x_wconf 91' lang='lat' dir='ltr'><strong>et</strong></span> <span class='ocrx_word' id='word_1_57' title='bbox 516 703 770 760; x_wconf 90' lang='lat' dir='ltr'><strong>Plymouthi,</strong></span> <span class='ocrx_word' id='word_1_58' title='bbox 801 718 878 744; x_wconf 86' lang='lat' dir='ltr'><strong>nos</strong></span> <span class='ocrx_word' id='word_1_59' title='bbox 900 701 999 744; x_wconf 71' lang='lat' dir='ltr'><strong>vero</strong></span> <span class='ocrx_word' id='word_1_60' title='bbox 1020 702 1064 742; x_wconf 91' lang='lat' dir='ltr'><strong>in</strong></span> <span class='ocrx_word' id='word_1_61' title='bbox 1087 701 1219 743; x_wconf 88' lang='lat' dir='ltr'><strong>Portu</strong></span> <span class='ocrx_word' id='word_1_62' title='bbox 1241 701 1401 743; x_wconf 87' lang='lat' dir='ltr'><strong>Gratiae</strong></span> <span class='ocrx_word' id='word_1_63' title='bbox 1421 701 1632 752; x_wconf 88' lang='lat' dir='ltr'><strong>institutis,</strong></span> <span class='ocrx_word' id='word_1_64' title='bbox 1662 703 1938 744; x_wconf 85' lang='lat' dir='ltr'><strong>conclusioni—</strong></span> 
     </span>
     <span class='ocr_line' id='line_1_8' title="bbox 224 773 1939 835; baseline 0 -18"><span class='ocrx_word' id='word_1_65' title='bbox 224 776 300 817; x_wconf 91' lang='lat' dir='ltr'><strong>bus</strong></span> <span class='ocrx_word' id='word_1_66' title='bbox 326 774 500 817; x_wconf 76' lang='lat' dir='ltr'><strong>mirifice</strong></span> <span class='ocrx_word' id='word_1_67' title='bbox 530 775 639 817; x_wconf 90' lang='lat' dir='ltr'><strong>inter</strong></span> <span class='ocrx_word' id='word_1_68' title='bbox 668 790 712 817; x_wconf 92' lang='lat' dir='ltr'><strong>se</strong></span> <span class='ocrx_word' id='word_1_69' title='bbox 741 775 1090 835; x_wconf 51' lang='lat' dir='ltr'><strong>congruentibus?</strong></span> <span class='ocrx_word' id='word_1_70' title='bbox 1123 773 1255 830; x_wconf 86' lang='lat' dir='ltr'><strong>qualis</strong></span> <span class='ocrx_word' id='word_1_71' title='bbox 1277 788 1501 815; x_wconf 83' lang='lat' dir='ltr'><strong>consensus</strong></span> <span class='ocrx_word' id='word_1_72' title='bbox 1520 774 1706 829; x_wconf 71' lang='lat' dir='ltr'><strong>profecto</strong></span> <span class='ocrx_word' id='word_1_73' title='bbox 1726 776 1939 830; x_wconf 86' lang='lat' dir='ltr'><strong>expectari</strong></span> 
     </span>
     <span class='ocr_line' id='line_1_9' title="bbox 221 844 1941 902; baseline 0 -14"><span class='ocrx_word' id='word_1_74' title='bbox 221 861 309 888; x_wconf 89' lang='lat' dir='ltr'><strong>non</strong></span> <span class='ocrx_word' id='word_1_75' title='bbox 336 854 491 902; x_wconf 87' lang='lat' dir='ltr'><strong>posset,</strong></span> <span class='ocrx_word' id='word_1_76' title='bbox 523 846 557 888; x_wconf 92' lang='lat' dir='ltr'><strong>si</strong></span> <span class='ocrx_word' id='word_1_77' title='bbox 585 845 749 887; x_wconf 89' lang='lat' dir='ltr'><strong>theoria</strong></span> <span class='ocrx_word' id='word_1_78' title='bbox 768 845 931 886; x_wconf 84' lang='lat' dir='ltr'><strong>veritati</strong></span> <span class='ocrx_word' id='word_1_79' title='bbox 956 860 1041 886; x_wconf 91' lang='lat' dir='ltr'><strong>non</strong></span> <span class='ocrx_word' id='word_1_80' title='bbox 1062 852 1167 886; x_wconf 83' lang='lat' dir='ltr'><strong>esset</strong></span> <span class='ocrx_word' id='word_1_81' title='bbox 1186 853 1475 886; x_wconf 87' lang='lat' dir='ltr'><strong>consentanea.</strong></span> <span class='ocrx_word' id='word_1_82' title='bbox 1535 844 1684 901; x_wconf 88' lang='lat' dir='ltr'><strong>Neque</strong></span> <span class='ocrx_word' id='word_1_83' title='bbox 1703 846 1828 887; x_wconf 82' lang='lat' dir='ltr'><strong>etiam</strong></span> <span class='ocrx_word' id='word_1_84' title='bbox 1848 847 1941 889; x_wconf 81' lang='lat' dir='ltr'><strong>aliae</strong></span> 
     </span>
     <span class='ocr_line' id='line_1_10' title="bbox 222 914 1939 972; baseline -0.001 -13"><span class='ocrx_word' id='word_1_85' title='bbox 222 917 395 960; x_wconf 83' lang='lat' dir='ltr'><strong>theoriae</strong></span> <span class='ocrx_word' id='word_1_86' title='bbox 415 915 553 958; x_wconf 84' lang='lat' dir='ltr'><strong>adhuc</strong></span> <span class='ocrx_word' id='word_1_87' title='bbox 572 916 803 971; x_wconf 87' lang='lat' dir='ltr'><strong>productae,</strong></span> <span class='ocrx_word' id='word_1_88' title='bbox 826 915 1058 971; x_wconf 88' lang='lat' dir='ltr'><strong>cujusmodi</strong></span> <span class='ocrx_word' id='word_1_89' title='bbox 1079 914 1175 956; x_wconf 84' lang='lat' dir='ltr'><strong>sunt</strong></span> <span class='ocrx_word' id='word_1_90' title='bbox 1197 915 1377 966; x_wconf 85' lang='lat' dir='ltr'><strong>Galilaei,</strong></span> <span class='ocrx_word' id='word_1_91' title='bbox 1402 914 1588 957; x_wconf 86' lang='lat' dir='ltr'><strong>Wallisii</strong></span> <span class='ocrx_word' id='word_1_92' title='bbox 1607 924 1731 972; x_wconf 88' lang='lat' dir='ltr'><strong>atque</strong></span> <span class='ocrx_word' id='word_1_93' title='bbox 1749 917 1939 969; x_wconf 84' lang='lat' dir='ltr'><strong>Cartesii,</strong></span> 
     </span>
     <span class='ocr_line' id='line_1_11' title="bbox 220 983 1941 1047; baseline -0.001 -16"><span class='ocrx_word' id='word_1_94' title='bbox 220 990 292 1047; x_wconf 90' lang='lat' dir='ltr'><strong>qui</strong></span> <span class='ocrx_word' id='word_1_95' title='bbox 311 1003 478 1030; x_wconf 85' lang='lat' dir='ltr'><strong>causam</strong></span> <span class='ocrx_word' id='word_1_96' title='bbox 501 989 543 1028; x_wconf 91' lang='lat' dir='ltr'><strong>in</strong></span> <span class='ocrx_word' id='word_1_97' title='bbox 563 987 778 1042; x_wconf 88' lang='lat' dir='ltr'><strong>pressione</strong></span> <span class='ocrx_word' id='word_1_98' title='bbox 799 987 935 1028; x_wconf 85' lang='lat' dir='ltr'><strong>Lunae</strong></span> <span class='ocrx_word' id='word_1_99' title='bbox 955 983 1183 1036; x_wconf 82' lang='lat' dir='ltr'><strong>collocavit,</strong></span> <span class='ocrx_word' id='word_1_100' title='bbox 1205 986 1304 1028; x_wconf 91' lang='lat' dir='ltr'><strong>huic</strong></span> <span class='ocrx_word' id='word_1_101' title='bbox 1323 986 1602 1041; x_wconf 74' lang='lat' dir='ltr'><strong>pliaenomeno</strong></span> <span class='ocrx_word' id='word_1_102' title='bbox 1620 986 1802 1042; x_wconf 73' lang='lat' dir='ltr'><strong>perfecte</strong></span> <span class='ocrx_word' id='word_1_103' title='bbox 1822 989 1941 1031; x_wconf 85' lang='lat' dir='ltr'><strong>satis-</strong></span> 
     </span>
     <span class='ocr_line' id='line_1_12' title="bbox 221 1056 1114 1115; baseline -0.004 -12"><span class='ocrx_word' id='word_1_104' title='bbox 221 1063 392 1111; x_wconf 84' lang='lat' dir='ltr'><strong>faciunt,</strong></span> <span class='ocrx_word' id='word_1_105' title='bbox 416 1061 489 1102; x_wconf 88' lang='lat' dir='ltr'><strong>sed</strong></span> <span class='ocrx_word' id='word_1_106' title='bbox 509 1057 647 1115; x_wconf 73' lang='lat' dir='ltr'><strong>potius</strong></span> <span class='ocrx_word' id='word_1_107' title='bbox 666 1056 839 1113; x_wconf 71' lang='lat' dir='ltr'><strong>prorsus</strong></span> <span class='ocrx_word' id='word_1_108' title='bbox 860 1066 1114 1102; x_wconf 84' lang='lat' dir='ltr'><strong>evertuntur.</strong></span> 
     </span>
     <span class='ocr_line' id='line_1_13' title="bbox 230 1132 1939 1192; baseline -0.002 -13"><span class='ocrx_word' id='word_1_109' title='bbox 230 1154 233 1157; x_wconf 91' lang='lat'>·</span> <span class='ocrx_word' id='word_1_110' title='bbox 277 1142 308 1192; x_wconf 89' lang='lat'><strong>§.</strong></span> <span class='ocrx_word' id='word_1_111' title='bbox 334 1143 429 1179; x_wconf 77' lang='lat'>104.</span> <span class='ocrx_word' id='word_1_112' title='bbox 476 1136 683 1185; x_wconf 83' lang='lat' dir='ltr'><strong>Quintum</strong></span> <span class='ocrx_word' id='word_1_113' title='bbox 714 1134 1021 1189; x_wconf 86' lang='lat' dir='ltr'><strong>phae11omenon</strong></span> <span class='ocrx_word' id='word_1_114' title='bbox 1054 1134 1099 1174; x_wconf 88' lang='lat' dir='ltr'><strong>in</strong></span> <span class='ocrx_word' id='word_1_115' title='bbox 1131 1132 1213 1173; x_wconf 89' lang='lat' dir='ltr'><strong>hoc</strong></span> <span class='ocrx_word' id='word_1_116' title='bbox 1244 1132 1454 1183; x_wconf 84' lang='lat' dir='ltr'><strong>consistat,</strong></span> <span class='ocrx_word' id='word_1_117' title='bbox 1489 1132 1603 1189; x_wconf 74' lang='lat' dir='ltr'><strong>quod</strong></span> <span class='ocrx_word' id='word_1_118' title='bbox 1634 1133 1756 1175; x_wconf 89' lang='lat' dir='ltr'><strong>unius</strong></span> <span class='ocrx_word' id='word_1_119' title='bbox 1785 1133 1939 1176; x_wconf 85' lang='lat' dir='ltr'><strong>mensis</strong></span> 
     </span>
     <span class='ocr_line' id='line_1_14' title="bbox 218 1204 1939 1261; baseline -0.004 -9"><span class='ocrx_word' id='word_1_120' title='bbox 218 1209 438 1252; x_wconf 88' lang='lat' dir='ltr'><strong>intervallo</strong></span> <span class='ocrx_word' id='word_1_121' title='bbox 467 1207 641 1248; x_wconf 85' lang='lat' dir='ltr'><strong>maximi</strong></span> <span class='ocrx_word' id='word_1_122' title='bbox 668 1214 793 1247; x_wconf 86' lang='lat' dir='ltr'><strong>aestus</strong></span> <span class='ocrx_word' id='word_1_123' title='bbox 811 1220 897 1246; x_wconf 91' lang='lat' dir='ltr'><strong>non</strong></span> <span class='ocrx_word' id='word_1_124' title='bbox 918 1205 999 1245; x_wconf 90' lang='lat' dir='ltr'><strong>sint</strong></span> <span class='ocrx_word' id='word_1_125' title='bbox 1019 1204 1061 1254; x_wconf 87' lang='lat' dir='ltr'><strong>ii,</strong></span> <span class='ocrx_word' id='word_1_126' title='bbox 1095 1204 1166 1260; x_wconf 86' lang='lat' dir='ltr'><strong>qui</strong></span> <span class='ocrx_word' id='word_1_127' title='bbox 1183 1204 1398 1246; x_wconf 87' lang='lat' dir='ltr'><strong>novilunia</strong></span> <span class='ocrx_word' id='word_1_128' title='bbox 1418 1218 1467 1245; x_wconf 89' lang='lat' dir='ltr'><strong>ac</strong></span> <span class='ocrx_word' id='word_1_129' title='bbox 1494 1204 1724 1260; x_wconf 87' lang='lat' dir='ltr'><strong>plenilunia</strong></span> <span class='ocrx_word' id='word_1_130' title='bbox 1747 1204 1939 1261; x_wconf 72' lang='lat' dir='ltr'><strong>proxime</strong></span> 
     </span>
     <span class='ocr_line' id='line_1_15' title="bbox 224 1276 1943 1338; baseline -0.002 -15"><span class='ocrx_word' id='word_1_131' title='bbox 224 1283 514 1338; x_wconf 86' lang='lat' dir='ltr'><strong>insequuntur,</strong></span> <span class='ocrx_word' id='word_1_132' title='bbox 547 1279 621 1322; x_wconf 92' lang='lat' dir='ltr'><strong>sed</strong></span> <span class='ocrx_word' id='word_1_133' title='bbox 651 1285 867 1335; x_wconf 89' lang='lat' dir='ltr'><strong>sequentes</strong></span> <span class='ocrx_word' id='word_1_134' title='bbox 887 1277 999 1319; x_wconf 89' lang='lat' dir='ltr'><strong>tertii</strong></span> <span class='ocrx_word' id='word_1_135' title='bbox 1020 1277 1175 1320; x_wconf 88' lang='lat' dir='ltr'><strong>scilicet</strong></span> <span class='ocrx_word' id='word_1_136' title='bbox 1194 1276 1357 1318; x_wconf 82' lang='lat' dir='ltr'><strong>circiter</strong></span> <span class='ocrx_word' id='word_1_137' title='bbox 1377 1277 1443 1318; x_wconf 90' lang='lat' dir='ltr'><strong>vel</strong></span> <span class='ocrx_word' id='word_1_138' title='bbox 1472 1278 1621 1333; x_wconf 87' lang='lat' dir='ltr'><strong>quarti,</strong></span> <span class='ocrx_word' id='word_1_139' title='bbox 1653 1278 1859 1334; x_wconf 91' lang='lat' dir='ltr'><strong>similique</strong></span> <span class='ocrx_word' id='word_1_140' title='bbox 1876 1279 1943 1319; x_wconf 90' lang='lat' dir='ltr'><strong>in-</strong></span> 
     </span>
     <span class='ocr_line' id='line_1_16' title="bbox 219 1351 1941 1408; baseline -0.002 -11"><span class='ocrx_word' id='word_1_141' title='bbox 219 1355 392 1398; x_wconf 86' lang='lat' dir='ltr'><strong>tervallo</strong></span> <span class='ocrx_word' id='word_1_142' title='bbox 412 1363 538 1396; x_wconf 89' lang='lat' dir='ltr'><strong>aestus</strong></span> <span class='ocrx_word' id='word_1_143' title='bbox 561 1354 723 1395; x_wconf 88' lang='lat' dir='ltr'><strong>minimi</strong></span> <span class='ocrx_word' id='word_1_144' title='bbox 743 1353 912 1395; x_wconf 90' lang='lat' dir='ltr'><strong>demum</strong></span> <span class='ocrx_word' id='word_1_145' title='bbox 931 1359 1028 1407; x_wconf 85' lang='lat' dir='ltr'><strong>post</strong></span> <span class='ocrx_word' id='word_1_146' title='bbox 1043 1351 1314 1407; x_wconf 82' lang='lat' dir='ltr'><strong>quadraturas</strong></span> <span class='ocrx_word' id='word_1_147' title='bbox 1331 1351 1591 1408; x_wconf 87' lang='lat' dir='ltr'><strong>contingunt.</strong></span> <span class='ocrx_word' id='word_1_148' title='bbox 1643 1351 1787 1407; x_wconf 80' lang='lat' dir='ltr'><strong>Hujus</strong></span> <span class='ocrx_word' id='word_1_149' title='bbox 1802 1358 1941 1393; x_wconf 83' lang='lat' dir='ltr'><strong>autem</strong></span> 
     </span>
     <span class='ocr_line' id='line_1_17' title="bbox 221 1416 1942 1486; baseline -0.001 -17"><span class='ocrx_word' id='word_1_150' title='bbox 221 1429 494 1486; x_wconf 85' lang='lat' dir='ltr'><strong>phaenomeni</strong></span> <span class='ocrx_word' id='word_1_151' title='bbox 514 1428 621 1469; x_wconf 88' lang='lat' dir='ltr'><strong>ratio</strong></span> <span class='ocrx_word' id='word_1_152' title='bbox 641 1428 684 1468; x_wconf 92' lang='lat' dir='ltr'><strong>in</strong></span> <span class='ocrx_word' id='word_1_153' title='bbox 706 1431 736 1482; x_wconf 83' lang='lat'><strong>§.</strong></span> <span class='ocrx_word' id='word_1_154' title='bbox 760 1432 828 1472; x_wconf 88' lang='grc'><strong>97.</strong></span> <span class='ocrx_word' id='word_1_155' title='bbox 849 1425 979 1468; x_wconf 77' lang='lat' dir='ltr'><strong>fusius</strong></span> <span class='ocrx_word' id='word_1_156' title='bbox 1000 1434 1063 1468; x_wconf 89' lang='lat' dir='ltr'><strong>est</strong></span> <span class='ocrx_word' id='word_1_157' title='bbox 1083 1426 1284 1481; x_wconf 85' lang='lat' dir='ltr'><strong>exposita,</strong></span> <span class='ocrx_word' id='word_1_158' title='bbox 1306 1425 1380 1467; x_wconf 92' lang='lat' dir='ltr'><strong>ubi</strong></span> <span class='ocrx_word' id='word_1_159' title='bbox 1399 1425 1668 1477; x_wconf 83' lang='lat' dir='ltr'><strong>ostendimus,</strong></span> <span class='ocrx_word' id='word_1_160' title='bbox 1692 1425 1789 1468; x_wconf 75' lang='lat' dir='ltr'><strong>cum</strong></span> <span class='ocrx_word' id='word_1_161' title='bbox 1817 1416 1942 1468; x_wconf 71' lang='lat' dir='ltr'><strong>aestus</strong></span> 
     </span>
     <span class='ocr_line' id='line_1_18' title="bbox 220 1487 1942 1558; baseline -0.002 -15"><span class='ocrx_word' id='word_1_162' title='bbox 220 1487 317 1544; x_wconf 70' lang='lat' dir='ltr'><strong>ante</strong></span> <span class='ocrx_word' id='word_1_163' title='bbox 347 1501 535 1558; x_wconf 84' lang='lat' dir='ltr'><strong>syzygias</strong></span> <span class='ocrx_word' id='word_1_164' title='bbox 564 1500 794 1542; x_wconf 86' lang='lat' dir='ltr'><strong>incidentes</strong></span> <span class='ocrx_word' id='word_1_165' title='bbox 825 1507 961 1542; x_wconf 88' lang='lat' dir='ltr'><strong>essent</strong></span> <span class='ocrx_word' id='word_1_166' title='bbox 989 1499 1184 1550; x_wconf 85' lang='lat' dir='ltr'><strong>minores,</strong></span> <span class='ocrx_word' id='word_1_167' title='bbox 1215 1498 1442 1540; x_wconf 87' lang='lat' dir='ltr'><strong>maximam</strong></span> <span class='ocrx_word' id='word_1_168' title='bbox 1469 1498 1555 1540; x_wconf 89' lang='lat' dir='ltr'><strong>vim</strong></span> <span class='ocrx_word' id='word_1_169' title='bbox 1583 1513 1608 1540; x_wconf 90' lang='lat' dir='ltr'><strong>a</strong></span> <span class='ocrx_word' id='word_1_170' title='bbox 1637 1498 1735 1540; x_wconf 86' lang='lat' dir='ltr'><strong>Sole</strong></span> <span class='ocrx_word' id='word_1_171' title='bbox 1755 1506 1795 1540; x_wconf 90' lang='lat' dir='ltr'><strong>et</strong></span> <span class='ocrx_word' id='word_1_172' title='bbox 1817 1498 1942 1540; x_wconf 63' lang='lat' dir='ltr'><strong>Luna</strong></span> 
     </span>
     <span class='ocr_line' id='line_1_19' title="bbox 223 1569 1942 1626; baseline -0.001 -11"><span class='ocrx_word' id='word_1_173' title='bbox 223 1582 356 1615; x_wconf 89' lang='lat' dir='ltr'><strong>ortam</strong></span> <span class='ocrx_word' id='word_1_174' title='bbox 386 1587 472 1613; x_wconf 91' lang='lat' dir='ltr'><strong>non</strong></span> <span class='ocrx_word' id='word_1_175' title='bbox 503 1570 642 1613; x_wconf 77' lang='lat' dir='ltr'><strong>subito</strong></span> <span class='ocrx_word' id='word_1_176' title='bbox 673 1580 821 1613; x_wconf 89' lang='lat' dir='ltr'><strong>aestum</strong></span> <span class='ocrx_word' id='word_1_177' title='bbox 851 1571 1079 1613; x_wconf 87' lang='lat' dir='ltr'><strong>maximum</strong></span> <span class='ocrx_word' id='word_1_178' title='bbox 1108 1570 1343 1626; x_wconf 86' lang='lat' dir='ltr'><strong>producere</strong></span> <span class='ocrx_word' id='word_1_179' title='bbox 1370 1570 1519 1621; x_wconf 87' lang='lat' dir='ltr'><strong>valere,</strong></span> <span class='ocrx_word' id='word_1_180' title='bbox 1541 1569 1627 1612; x_wconf 65' lang='lat' dir='ltr'><strong>‘sed</strong></span> <span class='ocrx_word' id='word_1_181' title='bbox 1645 1569 1808 1612; x_wconf 77' lang='lat' dir='ltr'><strong>tantum</strong></span> <span class='ocrx_word' id='word_1_182' title='bbox 1826 1585 1942 1613; x_wconf 89' lang='lat' dir='ltr'><strong>mare</strong></span> 
     </span>
     <span class='ocr_line' id='line_1_20' title="bbox 222 1643 1942 1701; baseline -0.002 -13"><span class='ocrx_word' id='word_1_183' title='bbox 222 1647 276 1688; x_wconf 89' lang='lat' dir='ltr'><strong>ad</strong></span> <span class='ocrx_word' id='word_1_184' title='bbox 306 1661 402 1688; x_wconf 90' lang='lat' dir='ltr'><strong>eum</strong></span> <span class='ocrx_word' id='word_1_185' title='bbox 433 1654 585 1688; x_wconf 86' lang='lat' dir='ltr'><strong>statum</strong></span> <span class='ocrx_word' id='word_1_186' title='bbox 613 1645 835 1687; x_wconf 85' lang='lat' dir='ltr'><strong>solicitare.</strong></span> <span class='ocrx_word' id='word_1_187' title='bbox 899 1643 1009 1686; x_wconf 72' lang='lat' dir='ltr'><strong>Cum</strong></span> <span class='ocrx_word' id='word_1_188' title='bbox 1034 1643 1164 1701; x_wconf 83' lang='lat' dir='ltr'><strong>igitur</strong></span> <span class='ocrx_word' id='word_1_189' title='bbox 1190 1651 1288 1698; x_wconf 88' lang='lat' dir='ltr'><strong>post</strong></span> <span class='ocrx_word' id='word_1_190' title='bbox 1307 1644 1494 1699; x_wconf 86' lang='lat' dir='ltr'><strong>syzygias</strong></span> <span class='ocrx_word' id='word_1_191' title='bbox 1513 1643 1575 1684; x_wconf 89' lang='lat' dir='ltr'><strong>vis</strong></span> <span class='ocrx_word' id='word_1_192' title='bbox 1595 1651 1744 1684; x_wconf 85' lang='lat' dir='ltr'><strong>aestum</strong></span> <span class='ocrx_word' id='word_1_193' title='bbox 1763 1643 1942 1685; x_wconf 90' lang='lat' dir='ltr'><strong>efficiens</strong></span> 
     </span>
     <span class='ocr_line' id='line_1_21' title="bbox 223 1714 1944 1768; baseline -0.003 -8"><span class='ocrx_word' id='word_1_194' title='bbox 223 1718 472 1760; x_wconf 85' lang='lat' dir='ltr'><strong>sensibiliter</strong></span> <span class='ocrx_word' id='word_1_195' title='bbox 501 1732 588 1758; x_wconf 91' lang='lat' dir='ltr'><strong>non</strong></span> <span class='ocrx_word' id='word_1_196' title='bbox 617 1717 843 1766; x_wconf 84' lang='lat' dir='ltr'><strong>decrescat,</strong></span> <span class='ocrx_word' id='word_1_197' title='bbox 875 1723 1000 1756; x_wconf 87' lang='lat' dir='ltr'><strong>aestus</strong></span> <span class='ocrx_word' id='word_1_198' title='bbox 1024 1715 1250 1756; x_wconf 89' lang='lat' dir='ltr'><strong>etiamnum</strong></span> <span class='ocrx_word' id='word_1_199' title='bbox 1278 1722 1374 1768; x_wconf 89' lang='lat' dir='ltr'><strong>post</strong></span> <span class='ocrx_word' id='word_1_200' title='bbox 1393 1714 1474 1755; x_wconf 89' lang='lat' dir='ltr'><strong>hoc</strong></span> <span class='ocrx_word' id='word_1_201' title='bbox 1494 1721 1659 1768; x_wconf 89' lang='lat' dir='ltr'><strong>tempus</strong></span> <span class='ocrx_word' id='word_1_202' title='bbox 1689 1714 1944 1755; x_wconf 83' lang='lat' dir='ltr'><strong>incrementa</strong></span> 
     </span>
     <span class='ocr_line' id='line_1_22' title="bbox 225 1784 1942 1844; baseline -0.002 -14"><span class='ocrx_word' id='word_1_203' title='bbox 225 1790 375 1844; x_wconf 88' lang='lat' dir='ltr'><strong>capiet,</strong></span> <span class='ocrx_word' id='word_1_204' title='bbox 399 1795 523 1844; x_wconf 88' lang='lat' dir='ltr'><strong>atque</strong></span> <span class='ocrx_word' id='word_1_205' title='bbox 543 1787 638 1828; x_wconf 91' lang='lat' dir='ltr'><strong>ideo</strong></span> <span class='ocrx_word' id='word_1_206' title='bbox 659 1787 829 1829; x_wconf 91' lang='lat' dir='ltr'><strong>demum</strong></span> <span class='ocrx_word' id='word_1_207' title='bbox 847 1794 943 1841; x_wconf 89' lang='lat' dir='ltr'><strong>post</strong></span> <span class='ocrx_word' id='word_1_208' title='bbox 964 1786 1150 1842; x_wconf 85' lang='lat' dir='ltr'><strong>syzygias</strong></span> <span class='ocrx_word' id='word_1_209' title='bbox 1171 1785 1244 1826; x_wconf 88' lang='lat' dir='ltr'><strong>fiet</strong></span> <span class='ocrx_word' id='word_1_210' title='bbox 1261 1785 1491 1834; x_wconf 79' lang='lat' dir='ltr'><strong>maximus3</strong></span> <span class='ocrx_word' id='word_1_211' title='bbox 1514 1784 1740 1840; x_wconf 90' lang='lat' dir='ltr'><strong>similisque</strong></span> <span class='ocrx_word' id='word_1_212' title='bbox 1760 1793 1822 1827; x_wconf 90' lang='lat' dir='ltr'><strong>est</strong></span> <span class='ocrx_word' id='word_1_213' title='bbox 1836 1785 1942 1827; x_wconf 88' lang='lat' dir='ltr'><strong>ratio</strong></span> 
     </span>
     <span class='ocr_line' id='line_1_23' title="bbox 227 1855 1940 1913; baseline -0.001 -13"><span class='ocrx_word' id='word_1_214' title='bbox 227 1859 515 1900; x_wconf 88' lang='lat' dir='ltr'><strong>diminutionis</strong></span> <span class='ocrx_word' id='word_1_215' title='bbox 545 1865 734 1908; x_wconf 87' lang='lat' dir='ltr'><strong>aestuum,</strong></span> <span class='ocrx_word' id='word_1_216' title='bbox 767 1872 861 1913; x_wconf 91' lang='lat' dir='ltr'><strong>quae</strong></span> <span class='ocrx_word' id='word_1_217' title='bbox 881 1857 1108 1898; x_wconf 83' lang='lat' dir='ltr'><strong>etiamnum</strong></span> <span class='ocrx_word' id='word_1_218' title='bbox 1133 1864 1229 1910; x_wconf 91' lang='lat' dir='ltr'><strong>post</strong></span> <span class='ocrx_word' id='word_1_219' title='bbox 1248 1855 1521 1912; x_wconf 85' lang='lat' dir='ltr'><strong>quadraturas</strong></span> <span class='ocrx_word' id='word_1_220' title='bbox 1542 1856 1784 1912; x_wconf 84' lang='lat' dir='ltr'><strong>contingere</strong></span> <span class='ocrx_word' id='word_1_221' title='bbox 1804 1856 1940 1907; x_wconf 84' lang='lat' dir='ltr'><strong>debet,</strong></span> 
     </span>
     <span class='ocr_line' id='line_1_24' title="bbox 223 1919 1942 1984; baseline -0.003 -10"><span class='ocrx_word' id='word_1_222' title='bbox 223 1933 280 1974; x_wconf 89' lang='lat' dir='ltr'><strong>ita</strong></span> <span class='ocrx_word' id='word_1_223' title='bbox 300 1941 346 1973; x_wconf 91' lang='lat' dir='ltr'><strong>ut</strong></span> <span class='ocrx_word' id='word_1_224' title='bbox 366 1940 490 1973; x_wconf 85' lang='lat' dir='ltr'><strong>aestus</strong></span> <span class='ocrx_word' id='word_1_225' title='bbox 509 1930 670 1971; x_wconf 86' lang='lat' dir='ltr'><strong>minimi</strong></span> <span class='ocrx_word' id='word_1_226' title='bbox 691 1929 860 1970; x_wconf 89' lang='lat' dir='ltr'><strong>demum</strong></span> <span class='ocrx_word' id='word_1_227' title='bbox 879 1919 1263 1984; x_wconf 86' lang='lat' dir='ltr'><strong>postquadraturas</strong></span> <span class='ocrx_word' id='word_1_228' title='bbox 1279 1927 1485 1974; x_wconf 59' lang='lat' dir='ltr'><strong>eveniant,</strong></span> <span class='ocrx_word' id='word_1_229' title='bbox 1534 1926 1790 1982; x_wconf 87' lang='lat' dir='ltr'><strong>Hujusmodi</strong></span> <span class='ocrx_word' id='word_1_230' title='bbox 1805 1936 1942 1970; x_wconf 85' lang='lat' dir='ltr'><strong>autem</strong></span> 
     </span>
     <span class='ocr_line' id='line_1_25' title="bbox 223 1996 1942 2052; baseline -0.002 -8"><span class='ocrx_word' id='word_1_231' title='bbox 223 2001 525 2044; x_wconf 89' lang='lat' dir='ltr'><strong>retardationes</strong></span> <span class='ocrx_word' id='word_1_232' title='bbox 557 1999 793 2042; x_wconf 6' lang='lat' dir='ltr'><strong>effectuum,</strong></span> <span class='ocrx_word' id='word_1_233' title='bbox 809 2014 834 2040; x_wconf 90' lang='lat' dir='ltr'><strong>a</strong></span> <span class='ocrx_word' id='word_1_234' title='bbox 862 1998 1018 2040; x_wconf 89' lang='lat' dir='ltr'><strong>viribus</strong></span> <span class='ocrx_word' id='word_1_235' title='bbox 1047 1998 1091 2038; x_wconf 92' lang='lat' dir='ltr'><strong>in</strong></span> <span class='ocrx_word' id='word_1_236' title='bbox 1119 1996 1278 2038; x_wconf 88' lang='lat' dir='ltr'><strong>mundo</strong></span> <span class='ocrx_word' id='word_1_237' title='bbox 1308 1996 1577 2038; x_wconf 86' lang='lat' dir='ltr'><strong>existentibus</strong></span> <span class='ocrx_word' id='word_1_238' title='bbox 1610 1997 1942 2052; x_wconf 87' lang='lat' dir='ltr'><strong>provenientium</strong></span> 
     </span>
     <span class='ocr_line' id='line_1_26' title="bbox 224 2069 1942 2132; baseline -0.002 -15"><span class='ocrx_word' id='word_1_239' title='bbox 224 2075 410 2132; x_wconf 91' lang='lat' dir='ltr'><strong>quotidie</strong></span> <span class='ocrx_word' id='word_1_240' title='bbox 441 2073 608 2116; x_wconf 75' lang='lat' dir='ltr'><strong>abunde</strong></span> <span class='ocrx_word' id='word_1_241' title='bbox 638 2073 901 2128; x_wconf 84' lang='lat' dir='ltr'><strong>experimur:</strong></span> <span class='ocrx_word' id='word_1_242' title='bbox 933 2071 988 2113; x_wconf 95' lang='lat' dir='ltr'><strong>ob</strong></span> <span class='ocrx_word' id='word_1_243' title='bbox 1019 2070 1194 2112; x_wconf 92' lang='lat' dir='ltr'><strong>similem</strong></span> <span class='ocrx_word' id='word_1_244' title='bbox 1223 2070 1335 2111; x_wconf 92' lang='lat' dir='ltr'><strong>enim</strong></span> <span class='ocrx_word' id='word_1_245' title='bbox 1362 2070 1565 2111; x_wconf 87' lang='lat' dir='ltr'><strong>rationem</strong></span> <span class='ocrx_word' id='word_1_246' title='bbox 1595 2070 1767 2126; x_wconf 88' lang='lat' dir='ltr'><strong>singulis</strong></span> <span class='ocrx_word' id='word_1_247' title='bbox 1795 2069 1942 2113; x_wconf 84' lang='lat' dir='ltr'><strong>diebus</strong></span> 
     </span>
     <span class='ocr_line' id='line_1_27' title="bbox 224 2142 1941 2202; baseline -0.003 -10"><span class='ocrx_word' id='word_1_248' title='bbox 224 2151 452 2192; x_wconf 85' lang='lat' dir='ltr'><strong>maximum</strong></span> <span class='ocrx_word' id='word_1_249' title='bbox 474 2150 655 2191; x_wconf 89' lang='lat' dir='ltr'><strong>calorem</strong></span> <span class='ocrx_word' id='word_1_250' title='bbox 674 2163 761 2190; x_wconf 91' lang='lat' dir='ltr'><strong>non</strong></span> <span class='ocrx_word' id='word_1_251' title='bbox 780 2148 825 2189; x_wconf 93' lang='lat' dir='ltr'><strong>in</strong></span> <span class='ocrx_word' id='word_1_252' title='bbox 845 2147 937 2202; x_wconf 90' lang='lat' dir='ltr'><strong>ipso</strong></span> <span class='ocrx_word' id='word_1_253' title='bbox 956 2145 1129 2187; x_wconf 88' lang='lat' dir='ltr'><strong>meridie</strong></span> <span class='ocrx_word' id='word_1_254' title='bbox 1149 2144 1362 2194; x_wconf 88' lang='lat' dir='ltr'><strong>sentimus,</strong></span> <span class='ocrx_word' id='word_1_255' title='bbox 1385 2143 1544 2185; x_wconf 82' lang='lat' dir='ltr'><strong>etiamsi</strong></span> <span class='ocrx_word' id='word_1_256' title='bbox 1572 2142 1655 2184; x_wconf 91' lang='lat' dir='ltr'><strong>hoc</strong></span> <span class='ocrx_word' id='word_1_257' title='bbox 1674 2151 1859 2198; x_wconf 88' lang='lat' dir='ltr'><strong>tempore</strong></span> <span class='ocrx_word' id='word_1_258' title='bbox 1879 2144 1941 2186; x_wconf 88' lang='lat' dir='ltr'><strong>vis</strong></span> 
     </span>
     <span class='ocr_line' id='line_1_28' title="bbox 228 2216 1942 2272; baseline -0.005 -4"><span class='ocrx_word' id='word_1_259' title='bbox 228 2226 336 2268; x_wconf 88' lang='lat' dir='ltr'><strong>Solis</strong></span> <span class='ocrx_word' id='word_1_260' title='bbox 367 2224 610 2267; x_wconf 86' lang='lat' dir='ltr'><strong>calefaciens</strong></span> <span class='ocrx_word' id='word_1_261' title='bbox 641 2223 729 2265; x_wconf 89' lang='lat' dir='ltr'><strong>sine</strong></span> <span class='ocrx_word' id='word_1_262' title='bbox 760 2222 888 2264; x_wconf 92' lang='lat' dir='ltr'><strong>dubio</strong></span> <span class='ocrx_word' id='word_1_263' title='bbox 919 2221 972 2263; x_wconf 80' lang='lat' dir='ltr'><strong>sit</strong></span> <span class='ocrx_word' id='word_1_264' title='bbox 999 2220 1192 2270; x_wconf 82' lang='lat' dir='ltr'><strong>maxima,</strong></span> <span class='ocrx_word' id='word_1_265' title='bbox 1224 2218 1297 2260; x_wconf 85' lang='lat' dir='ltr'><strong>sed</strong></span> <span class='ocrx_word' id='word_1_266' title='bbox 1325 2217 1492 2259; x_wconf 91' lang='lat' dir='ltr'><strong>demum</strong></span> <span class='ocrx_word' id='word_1_267' title='bbox 1519 2216 1678 2272; x_wconf 87' lang='lat' dir='ltr'><strong>aliquot</strong></span> <span class='ocrx_word' id='word_1_268' title='bbox 1704 2216 1817 2258; x_wconf 91' lang='lat' dir='ltr'><strong>horis</strong></span> <span class='ocrx_word' id='word_1_269' title='bbox 1844 2225 1942 2272; x_wconf 87' lang='lat' dir='ltr'><strong>post</strong></span> 
     </span>
     <span class='ocr_line' id='line_1_29' title="bbox 226 2287 1940 2351; baseline -0.005 -12"><span class='ocrx_word' id='word_1_270' title='bbox 226 2296 457 2346; x_wconf 88' lang='lat' dir='ltr'><strong>meridiem,</strong></span> <span class='ocrx_word' id='word_1_271' title='bbox 489 2303 613 2351; x_wconf 85' lang='lat' dir='ltr'><strong>atque</strong></span> <span class='ocrx_word' id='word_1_272' title='bbox 642 2302 815 2349; x_wconf 88' lang='lat' dir='ltr'><strong>propter</strong></span> <span class='ocrx_word' id='word_1_273' title='bbox 835 2292 1013 2335; x_wconf 89' lang='lat' dir='ltr'><strong>eandem</strong></span> <span class='ocrx_word' id='word_1_274' title='bbox 1033 2305 1200 2332; x_wconf 89' lang='lat' dir='ltr'><strong>causam</strong></span> <span class='ocrx_word' id='word_1_275' title='bbox 1219 2304 1358 2345; x_wconf 86' lang='lat' dir='ltr'><strong>neque</strong></span> <span class='ocrx_word' id='word_1_276' title='bbox 1379 2288 1542 2331; x_wconf 87' lang='lat' dir='ltr'><strong>solstitii</strong></span> <span class='ocrx_word' id='word_1_277' title='bbox 1570 2287 1702 2329; x_wconf 85' lang='lat' dir='ltr'><strong>aestivi</strong></span> <span class='ocrx_word' id='word_1_278' title='bbox 1728 2292 1940 2330; x_wconf 84' lang='lat' dir='ltr'><strong>momento</strong></span> 
     </span>
     <span class='ocr_line' id='line_1_30' title="bbox 206 2355 1937 2433; baseline -0.004 -21"><span class='ocrx_word' id='word_1_279' title='bbox 206 2371 433 2433; x_wconf 41' lang='lat' dir='ltr'><strong>imaximus</strong></span> <span class='ocrx_word' id='word_1_280' title='bbox 463 2368 576 2411; x_wconf 90' lang='lat' dir='ltr'><strong>calor</strong></span> <span class='ocrx_word' id='word_1_281' title='bbox 607 2383 770 2427; x_wconf 86' lang='lat' dir='ltr'><strong>annuus</strong></span> <span class='ocrx_word' id='word_1_282' title='bbox 801 2367 986 2417; x_wconf 86' lang='lat' dir='ltr'><strong>sentitur,</strong></span> <span class='ocrx_word' id='word_1_283' title='bbox 1021 2355 1156 2423; x_wconf 87' lang='lat' dir='ltr'><strong>neque</strong></span> <span class='ocrx_word' id='word_1_284' title='bbox 1187 2373 1375 2419; x_wconf 81' lang='lat' dir='ltr'><strong>tempore</strong></span> <span class='ocrx_word' id='word_1_285' title='bbox 1407 2362 1570 2405; x_wconf 83' lang='lat' dir='ltr'><strong>solstitii</strong></span> <span class='ocrx_word' id='word_1_286' title='bbox 1600 2361 1779 2418; x_wconf 88' lang='lat' dir='ltr'><strong>hyberni</strong></span> <span class='ocrx_word' id='word_1_287' title='bbox 1807 2361 1937 2419; x_wconf 85' lang='lat' dir='ltr'><strong>frigus</strong></span> 
     </span>
     <span class='ocr_line' id='line_1_31' title="bbox 228 2420 1853 2497; baseline -0.004 -13"><span class='ocrx_word' id='word_1_288' title='bbox 228 2457 449 2492; x_wconf 89' lang='lat' dir='ltr'><strong>summum,</strong></span> <span class='ocrx_word' id='word_1_289' title='bbox 473 2441 546 2482; x_wconf 91' lang='lat' dir='ltr'><strong>sed</strong></span> <span class='ocrx_word' id='word_1_290' title='bbox 567 2448 788 2497; x_wconf 89' lang='lat' dir='ltr'><strong>utrumque</strong></span> <span class='ocrx_word' id='word_1_291' title='bbox 806 2439 1044 2480; x_wconf 86' lang='lat' dir='ltr'><strong>notabiliter</strong></span> <span class='ocrx_word' id='word_1_292' title='bbox 1063 2437 1234 2480; x_wconf 65' lang='lat' dir='ltr'><strong>tardius.</strong></span> <span class='ocrx_word' id='word_1_293' title='bbox 1847 2420 1853 2433; x_wconf 40' lang='grc' dir='ltr'><em>Ι</em></span> 
     </span>
     <span class='ocr_line' id='line_1_32' title="bbox 284 2508 1940 2567; baseline -0.002 -12"><span class='ocrx_word' id='word_1_294' title='bbox 284 2517 316 2567; x_wconf 80' lang='lat'><strong>§.</strong></span> <span class='ocrx_word' id='word_1_295' title='bbox 341 2518 435 2554; x_wconf 84' lang='lat'>105.</span> <span class='ocrx_word' id='word_1_296' title='bbox 471 2512 645 2554; x_wconf 83' lang='lat' dir='ltr'><strong>Sextum</strong></span> <span class='ocrx_word' id='word_1_297' title='bbox 663 2511 972 2567; x_wconf 86' lang='lat' dir='ltr'><strong>phaenomenon</strong></span> <span class='ocrx_word' id='word_1_298' title='bbox 991 2510 1035 2550; x_wconf 92' lang='lat' dir='ltr'><strong>in</strong></span> <span class='ocrx_word' id='word_1_299' title='bbox 1053 2509 1136 2551; x_wconf 88' lang='lat' dir='ltr'><strong>hoc</strong></span> <span class='ocrx_word' id='word_1_300' title='bbox 1154 2510 1361 2564; x_wconf 90' lang='lat' dir='ltr'><strong>ponimus,</strong></span> <span class='ocrx_word' id='word_1_301' title='bbox 1393 2509 1506 2566; x_wconf 76' lang='lat' dir='ltr'><strong>quod</strong></span> <span class='ocrx_word' id='word_1_302' title='bbox 1524 2515 1732 2551; x_wconf 90' lang='lat' dir='ltr'><strong>momenta</strong></span> <span class='ocrx_word' id='word_1_303' title='bbox 1750 2508 1940 2551; x_wconf 87' lang='lat' dir='ltr'><strong>fluxuum</strong></span> 
     </span>
     <span class='ocr_line' id='line_1_33' title="bbox 228 2579 1942 2640; baseline -0.002 -14"><span class='ocrx_word' id='word_1_304' title='bbox 228 2592 415 2639; x_wconf 90' lang='lat' dir='ltr'><strong>tempore</strong></span> <span class='ocrx_word' id='word_1_305' title='bbox 448 2583 710 2640; x_wconf 85' lang='lat' dir='ltr'><strong>syzygiarum</strong></span> <span class='ocrx_word' id='word_1_306' title='bbox 740 2582 872 2624; x_wconf 89' lang='lat' dir='ltr'><strong>multo</strong></span> <span class='ocrx_word' id='word_1_307' title='bbox 905 2579 1083 2623; x_wconf 72' lang='lat' dir='ltr'><strong>strictius</strong></span> <span class='ocrx_word' id='word_1_308' title='bbox 1116 2581 1304 2622; x_wconf 89' lang='lat' dir='ltr'><strong>ordinem</strong></span> <span class='ocrx_word' id='word_1_309' title='bbox 1333 2589 1474 2622; x_wconf 90' lang='lat' dir='ltr'><strong>tenere</strong></span> <span class='ocrx_word' id='word_1_310' title='bbox 1502 2581 1785 2631; x_wconf 86' lang='lat' dir='ltr'><strong>observantur,</strong></span> <span class='ocrx_word' id='word_1_311' title='bbox 1800 2579 1942 2636; x_wconf 67' lang='lat' dir='ltr'><strong>‚quam</strong></span> 
     </span>
     <span class='ocr_line' id='line_1_34' title="bbox 230 2652 1942 2712; baseline -0.002 -15"><span class='ocrx_word' id='word_1_312' title='bbox 230 2657 340 2697; x_wconf 88' lang='lat' dir='ltr'><strong>eirca</strong></span> <span class='ocrx_word' id='word_1_313' title='bbox 369 2655 654 2712; x_wconf 86' lang='lat' dir='ltr'><strong>quadraturas.</strong></span> <span class='ocrx_word' id='word_1_314' title='bbox 717 2654 807 2697; x_wconf 78' lang='lat' dir='ltr'><strong>Hic</strong></span> <span class='ocrx_word' id='word_1_315' title='bbox 838 2653 935 2696; x_wconf 69' lang='lat' dir='ltr'><strong>verb</strong></span> <span class='ocrx_word' id='word_1_316' title='bbox 965 2662 1061 2695; x_wconf 87' lang='lat' dir='ltr'><strong>ante</strong></span> <span class='ocrx_word' id='word_1_317' title='bbox 1092 2655 1232 2695; x_wconf 90' lang='lat' dir='ltr'><strong>omnia</strong></span> <span class='ocrx_word' id='word_1_318' title='bbox 1261 2652 1671 2695; x_wconf 85' lang='lat' dir='ltr'><strong>animadvertendum</strong></span> <span class='ocrx_word' id='word_1_319' title='bbox 1702 2661 1765 2695; x_wconf 90' lang='lat' dir='ltr'><strong>est</strong></span> <span class='ocrx_word' id='word_1_320' title='bbox 1794 2653 1942 2709; x_wconf 87' lang='lat' dir='ltr'><strong>praeci-</strong></span> 
     </span>
     <span class='ocr_line' id='line_1_35' title="bbox 231 2717 1938 2783; baseline -0.001 -15"><span class='ocrx_word' id='word_1_321' title='bbox 231 2743 360 2783; x_wconf 89' lang='lat' dir='ltr'><strong>puam</strong></span> <span class='ocrx_word' id='word_1_322' title='bbox 381 2728 618 2770; x_wconf 89' lang='lat' dir='ltr'><strong>sensibilem</strong></span> <span class='ocrx_word' id='word_1_323' title='bbox 638 2727 886 2769; x_wconf 78' lang='lat' dir='ltr'><strong>anomaliam</strong></span> <span class='ocrx_word' id='word_1_324' title='bbox 914 2727 959 2767; x_wconf 91' lang='lat' dir='ltr'><strong>in</strong></span> <span class='ocrx_word' id='word_1_325' title='bbox 989 2717 1209 2768; x_wconf 86' lang='lat' dir='ltr'><strong>momentis</strong></span> <span class='ocrx_word' id='word_1_326' title='bbox 1230 2736 1406 2768; x_wconf 88' lang='lat' dir='ltr'><strong>aestuum</strong></span> <span class='ocrx_word' id='word_1_327' title='bbox 1425 2725 1522 2767; x_wconf 90' lang='lat' dir='ltr'><strong>inde</strong></span> <span class='ocrx_word' id='word_1_328' title='bbox 1542 2725 1743 2783; x_wconf 83' lang='lat' dir='ltr'><strong>originem</strong></span> <span class='ocrx_word' id='word_1_329' title='bbox 1763 2724 1938 2776; x_wconf 86' lang='lat' dir='ltr'><strong>trahere,</strong></span> 
     </span>
     <span class='ocr_line' id='line_1_36' title="bbox 233 2798 1941 2857; baseline -0.001 -17"><span class='ocrx_word' id='word_1_330' title='bbox 233 2799 346 2855; x_wconf 75' lang='lat' dir='ltr'><strong>quod</strong></span> <span class='ocrx_word' id='word_1_331' title='bbox 374 2800 466 2842; x_wconf 87' lang='lat' dir='ltr'><strong>haec</strong></span> <span class='ocrx_word' id='word_1_332' title='bbox 494 2808 705 2842; x_wconf 85' lang='lat' dir='ltr'><strong>momenta</strong></span> <span class='ocrx_word' id='word_1_333' title='bbox 733 2815 788 2842; x_wconf 86' lang='lat' dir='ltr'><strong>ex</strong></span> <span class='ocrx_word' id='word_1_334' title='bbox 816 2809 1004 2857; x_wconf 85' lang='lat' dir='ltr'><strong>tempore</strong></span> <span class='ocrx_word' id='word_1_335' title='bbox 1024 2799 1147 2841; x_wconf 89' lang='lat' dir='ltr'><strong>solari</strong></span> <span class='ocrx_word' id='word_1_336' title='bbox 1176 2807 1299 2856; x_wconf 86' lang='lat' dir='ltr'><strong>atque</strong></span> <span class='ocrx_word' id='word_1_337' title='bbox 1318 2814 1343 2840; x_wconf 85' lang='lat' dir='ltr'><strong>a</strong></span> <span class='ocrx_word' id='word_1_338' title='bbox 1361 2812 1459 2840; x_wconf 88' lang='lat' dir='ltr'><strong>vero</strong></span> <span class='ocrx_word' id='word_1_339' title='bbox 1484 2799 1657 2840; x_wconf 87' lang='lat' dir='ltr'><strong>meridie</strong></span> <span class='ocrx_word' id='word_1_340' title='bbox 1677 2813 1749 2840; x_wconf 88' lang='lat' dir='ltr'><strong>seu</strong></span> <span class='ocrx_word' id='word_1_341' title='bbox 1768 2798 1941 2840; x_wconf 85' lang='lat' dir='ltr'><strong>transitu</strong></span> 
     </span>
     <span class='ocr_line' id='line_1_37' title="bbox 240 2869 1942 2929; baseline -0.003 -15"><span class='ocrx_word' id='word_1_342' title='bbox 240 2872 348 2914; x_wconf 90' lang='lat' dir='ltr'><strong>Solis</strong></span> <span class='ocrx_word' id='word_1_343' title='bbox 368 2887 444 2927; x_wconf 85' lang='lat' dir='ltr'><strong>per</strong></span> <span class='ocrx_word' id='word_1_344' title='bbox 464 2872 740 2915; x_wconf 79' lang='lat' dir='ltr'><strong>meridianum</strong></span> <span class='ocrx_word' id='word_1_345' title='bbox 762 2873 921 2915; x_wconf 86' lang='lat' dir='ltr'><strong>soleant</strong></span> <span class='ocrx_word' id='word_1_346' title='bbox 942 2874 1185 2929; x_wconf 85' lang='lat' dir='ltr'><strong>computari,</strong></span> <span class='ocrx_word' id='word_1_347' title='bbox 1217 2871 1309 2913; x_wconf 73' lang='lat' dir='ltr'><strong>cum</strong></span> <span class='ocrx_word' id='word_1_348' title='bbox 1332 2887 1380 2913; x_wconf 88' lang='lat' dir='ltr'><strong>ea</strong></span> <span class='ocrx_word' id='word_1_349' title='bbox 1408 2870 1545 2927; x_wconf 72' lang='lat' dir='ltr'><strong>potiris</strong></span> <span class='ocrx_word' id='word_1_350' title='bbox 1566 2886 1591 2912; x_wconf 87' lang='lat' dir='ltr'><strong>a</strong></span> <span class='ocrx_word' id='word_1_351' title='bbox 1609 2870 1783 2912; x_wconf 85' lang='lat' dir='ltr'><strong>transitu</strong></span> <span class='ocrx_word' id='word_1_352' title='bbox 1807 2869 1942 2911; x_wconf 81' lang='lat' dir='ltr'><strong>Lunae</strong></span> 
     </span>
     <span class='ocr_line' id='line_1_38' title="bbox 232 2942 1941 3001; baseline -0.003 -15"><span class='ocrx_word' id='word_1_353' title='bbox 232 2958 309 3000; x_wconf 90' lang='lat' dir='ltr'><strong>per</strong></span> <span class='ocrx_word' id='word_1_354' title='bbox 336 2945 614 2986; x_wconf 88' lang='lat' dir='ltr'><strong>meridianum</strong></span> <span class='ocrx_word' id='word_1_355' title='bbox 643 2945 864 3001; x_wconf 88' lang='lat' dir='ltr'><strong>pendeant.</strong></span> <span class='ocrx_word' id='word_1_356' title='bbox 928 2944 1058 2995; x_wconf 62' lang='lat' dir='ltr'><strong>Quod</strong></span> <span class='ocrx_word' id='word_1_357' title='bbox 1079 2945 1113 2985; x_wconf 92' lang='lat' dir='ltr'><strong>si</strong></span> <span class='ocrx_word' id='word_1_358' title='bbox 1132 2952 1269 2986; x_wconf 91' lang='lat' dir='ltr'><strong>autem</strong></span> <span class='ocrx_word' id='word_1_359' title='bbox 1288 2943 1341 2984; x_wconf 84' lang='lat' dir='ltr'><strong>ad</strong></span> <span class='ocrx_word' id='word_1_360' title='bbox 1360 2943 1436 2984; x_wconf 88' lang='lat' dir='ltr'><strong>has</strong></span> <span class='ocrx_word' id='word_1_361' title='bbox 1457 2942 1759 2985; x_wconf 85' lang='lat' dir='ltr'><strong>observationes</strong></span> <span class='ocrx_word' id='word_1_362' title='bbox 1780 2949 1941 2996; x_wconf 89' lang='lat' dir='ltr'><strong>tempus</strong></span> 
     </span>
     <span class='ocr_line' id='line_1_39' title="bbox 233 3011 1942 3071; baseline -0.004 -13"><span class='ocrx_word' id='word_1_363' title='bbox 233 3018 378 3058; x_wconf 85' lang='lat' dir='ltr'><strong>lunare</strong></span> <span class='ocrx_word' id='word_1_364' title='bbox 398 3030 422 3056; x_wconf 88' lang='lat' dir='ltr'><strong>a</strong></span> <span class='ocrx_word' id='word_1_365' title='bbox 443 3017 619 3057; x_wconf 85' lang='lat' dir='ltr'><strong>transitu</strong></span> <span class='ocrx_word' id='word_1_366' title='bbox 651 3017 786 3058; x_wconf 87' lang='lat' dir='ltr'><strong>Lunae</strong></span> <span class='ocrx_word' id='word_1_367' title='bbox 815 3031 890 3071; x_wconf 88' lang='lat' dir='ltr'><strong>per</strong></span> <span class='ocrx_word' id='word_1_368' title='bbox 916 3015 1190 3057; x_wconf 86' lang='lat' dir='ltr'><strong>meridianum</strong></span> <span class='ocrx_word' id='word_1_369' title='bbox 1211 3014 1534 3069; x_wconf 88' lang='lat' dir='ltr'><strong>computandum</strong></span> <span class='ocrx_word' id='word_1_370' title='bbox 1554 3012 1809 3062; x_wconf 84' lang='lat' dir='ltr'><strong>adhibeatur,</strong></span> <span class='ocrx_word' id='word_1_371' title='bbox 1841 3011 1942 3052; x_wconf 89' lang='lat' dir='ltr'><strong>irre-</strong></span> 
     </span>
     <span class='ocr_line' id='line_1_40' title="bbox 236 3081 1940 3146; baseline -0.002 -18"><span class='ocrx_word' id='word_1_372' title='bbox 236 3087 476 3146; x_wconf 78' lang='lat' dir='ltr'><strong>gularitates</strong></span> <span class='ocrx_word' id='word_1_373' title='bbox 493 3096 737 3142; x_wconf 73' lang='lat' dir='ltr'><strong>apparentes</strong></span> <span class='ocrx_word' id='word_1_374' title='bbox 753 3088 977 3129; x_wconf 81' lang='lat' dir='ltr'><strong>maximam</strong></span> <span class='ocrx_word' id='word_1_375' title='bbox 996 3094 1155 3142; x_wconf 83' lang='lat' dir='ltr'><strong>partem</strong></span> <span class='ocrx_word' id='word_1_376' title='bbox 1175 3094 1431 3136; x_wconf 84' lang='lat' dir='ltr'><strong>evanescent,</strong></span> <span class='ocrx_word' id='word_1_377' title='bbox 1451 3084 1531 3127; x_wconf 89' lang='lat' dir='ltr'><strong>hoc</strong></span> <span class='ocrx_word' id='word_1_378' title='bbox 1550 3081 1648 3126; x_wconf 72' lang='lat' dir='ltr'><strong>verb</strong></span> <span class='ocrx_word' id='word_1_379' title='bbox 1667 3081 1797 3125; x_wconf 66' lang='lat' dir='ltr'><strong>multe)</strong></span> <span class='ocrx_word' id='word_1_380' title='bbox 1811 3082 1940 3139; x_wconf 84' lang='lat' dir='ltr'><strong>magis</strong></span> 
     </span>
    </p>
   </div>
  </div>
 </body>
</html>
