2092 3470
147 241 295 284 Lmnn
317 243 555 296 Tannus]
617 242 938 285 PRINCIPIA
969 243 1462 289 MATHEMATICA.
1802 251 1855 288 95

148 355 389 405 Quinetiam
406 357 440 398 si
458 357 502 397 in
515 356 689 412 praefata
705 356 896 412 ellipseos
912 356 1168 399 revolutione
1186 366 1387 412 punctum
1403 360 1576 415 quodvis
1592 361 1636 403 N
1650 361 1858 414 describat

145 429 347 471 circulum
367 430 411 471 N
432 429 497 480 M,
521 438 728 472 secantem
747 430 966 485 parallelos
996 431 1031 472 F
1050 430 1079 480 f,
1102 431 1146 473 D
1167 430 1197 471 d
1220 431 1265 472 in
1283 430 1385 471 locis
1406 432 1617 489 quibusvis
1651 434 1706 485 R,
1729 434 1784 485 T,
1816 443 1860 476 et

148 512 402 560 aequatorem
423 505 464 546 A
487 504 525 545 E
546 505 590 545 in
613 505 642 547 S
654 520 666 555 3
697 505 776 546 erit
798 505 834 547 C
857 505 899 546 N
920 504 1094 547 altitudo
1114 505 1238 546 maris
1258 504 1302 545 in
1321 504 1423 545 locis
1444 505 1636 547 omnibus
1659 507 1713 557 R,
1739 509 1782 558 S,
1801 509 1855 559 T,

150 577 238 619 sitis
257 577 302 616 in
321 576 402 617 hoc
422 577 589 619 circulo.
652 577 770 619 Hinc
789 577 833 618 in
851 577 1108 620 revolutione
1128 575 1277 618 diurna
1304 576 1386 617 loci
1406 577 1584 632 cujusvis
1609 576 1658 627 F,
1680 578 1857 622 affluxus
1900 601 1906 605 «

143 651 222 693 erit
239 650 444 692 maximus
464 651 508 692 in
530 651 578 701 F,
599 650 704 692 hora
723 649 842 692 tertia
862 658 958 705 post
972 649 1194 705 appulsum
1211 649 1346 690 Lunae
1361 647 1415 689 ad
1435 648 1713 690 meridianum
1729 664 1856 705 supra

141 723 413 774 horizontem,
450 730 596 778 postea
634 722 825 764 defluxus
864 723 1070 763 maximus
1109 722 1154 763 in
1190 720 1234 771 Q
1267 719 1372 762 hora
1402 720 1521 762 tertia
1545 728 1642 776 post
1665 736 1857 765 occasum

143 794 292 846 Lunae,
324 794 422 836 dein
451 794 628 837 affluxus
658 795 861 836 maximus
891 794 934 834 in
963 794 987 834 f
1007 793 1111 835 hora
1137 793 1257 835 tertia
1282 802 1378 849 post
1404 794 1625 849 appulsum
1647 794 1782 836 Lunae
1803 798 1857 838 ad

141 866 417 908 meridianum
437 866 542 908 infra
561 866 843 916 horizontem3
874 866 1021 908 ultimo
1041 866 1232 908 defluxus
1252 867 1459 909 maximus
1479 868 1524 908 in
1548 867 1592 917 Q
1609 867 1714 909 hora
1735 870 1856 911 tertia

140 950 237 997 post
270 949 408 983 ortum
432 941 590 990 Lunae3
622 949 662 982 et
691 940 868 998 affluxus
897 940 1104 996 posterior
1132 941 1177 981 in
1205 941 1229 982 f
1251 942 1329 982 erit
1356 941 1494 982 minor
1525 940 1651 998 quam
1678 941 1857 985 affluxus

143 1016 260 1072 prior
279 1016 323 1056 in
346 1016 395 1058 F.
452 1015 735 1072 Distinguitur
755 1015 863 1056 enim
886 1029 1000 1056 mare
1020 1022 1154 1057 totum
1174 1015 1218 1055 in
1238 1014 1344 1056 duos
1364 1015 1536 1056 omnino
1555 1015 1706 1057 fluctus
1721 1015 1858 1058 hemi-

144 1089 383 1144 sphaericos,
405 1102 535 1129 unum
555 1087 850 1142 hemisphaerio
882 1086 925 1128 K
948 1087 996 1128 H
1015 1087 1044 1127 k
1066 1087 1118 1128 ad
1139 1088 1310 1128 boream
1329 1095 1583 1144 vergentem,
1616 1087 1792 1129 alterum
1813 1089 1856 1128 in

137 1160 431 1216 hemisphaerio
462 1161 654 1215 opposito
686 1159 729 1201 K
749 1159 778 1200 h
798 1159 827 1200 k
839 1175 851 1209 ς
882 1174 985 1215 quos
1015 1159 1142 1216 igitur
1170 1160 1342 1201 fluctum
1371 1159 1583 1201 borealem
1611 1168 1652 1200 et
1677 1160 1851 1201 fluctum

138 1235 361 1276 australem
380 1235 595 1276 nominare
617 1234 725 1276 licet.
788 1234 852 1275 Hi
870 1234 1022 1275 fluctus
1043 1249 1208 1289 semper
1229 1234 1307 1275 sibi
1327 1233 1472 1275 mutuo
1488 1234 1669 1289 oppositi
1684 1235 1855 1276 veniunt

137 1323 214 1364 per
231 1308 342 1351 vices
363 1307 418 1349 ad
436 1307 686 1349 meridianos
706 1306 896 1348 locorum
926 1306 1198 1363 singulorum,
1227 1306 1471 1360 interposito
1491 1306 1709 1347 intervallo
1728 1306 1854 1348 hora-

136 1395 231 1421 rum
258 1379 467 1421 lunarium
496 1378 733 1423 duodecim.
794 1377 984 1434 Cumque
1014 1378 1204 1435 regiones
1233 1378 1421 1420 boreales
1448 1380 1580 1436 magis
1606 1380 1856 1435 participant

136 1453 311 1494 fluctum
330 1450 553 1501 borealem,
577 1459 619 1491 et
638 1450 836 1492 australes
856 1450 990 1507 magis
1008 1450 1244 1501 australem,
1268 1451 1366 1493 inde
1381 1453 1572 1494 oriuntur
1592 1462 1716 1496 aestus
1733 1454 1855 1495 alter-

137 1528 202 1568 nis
222 1526 380 1568 vicibus
400 1526 575 1581 majores
596 1533 637 1566 et
655 1525 850 1574 minores,
883 1529 927 1565 in
946 1524 1048 1565 locis
1069 1525 1242 1582 singulis
1262 1532 1382 1570 extra
1403 1535 1669 1582 aequatorem,
1700 1527 1744 1568 in
1764 1528 1856 1583 qui-

136 1603 213 1644 bus
242 1600 463 1643 luminaria
481 1599 673 1640 oriuntur
693 1607 734 1640 et
755 1598 962 1639 occidunt.
1025 1598 1176 1639 AEstus
1198 1606 1337 1639 autem
1357 1600 1502 1654 major,
1525 1599 1647 1641 Luna
1668 1600 1712 1639 in
1732 1600 1855 1641 verti-

137 1690 227 1716 cem
246 1674 329 1715 loci
349 1672 595 1721 declinante,
618 1671 773 1712 incidet
792 1671 836 1711 in
856 1669 1002 1711 horam
1019 1670 1181 1711 circiter
1195 1670 1359 1711 tertiam
1373 1679 1468 1725 post
1480 1671 1701 1726 appulsum
1718 1672 1856 1715 Lunae

137 1749 191 1790 ad
211 1747 487 1790 meridianum
507 1761 634 1801 supra
652 1745 924 1795 horizontem,
942 1753 984 1787 et
999 1743 1121 1786 Luna
1138 1744 1456 1787 declinationem
1472 1754 1657 1789 mutante
1673 1755 1856 1789 vertetur

139 1871 180 1908 A,
197 1870 246 1901 vel
263 1870 302 1908 C,
318 1876 350 1902 et
365 1871 394 1903 Β
408 1870 456 1901 vel
473 1871 517 1908 D,
533 1867 723 1901 intermediis
737 1867 826 1899 fluidi
839 1867 973 1907 particu-
1015 1867 1058 1897 ris
1078 1877 1144 1900 sese
1165 1873 1330 1907 componet
1351 1867 1383 1897 in
1399 1866 1532 1908 figuram
1547 1867 1750 1907 sphaeroidem
1766 1869 1857 1912 cujus

136 1914 176 1944 1ae
192 1919 353 1954 utramque
367 1913 576 1944 conditionem
590 1911 793 1952 participant3
817 1921 880 1952 quo
902 1910 975 1941 vici-

137 1957 239 1986 niores
250 1962 323 1986 sunt
331 1955 419 1986 fluidi
434 1955 583 1986 terrestris
597 1961 699 1995 partes
712 1953 836 1993 punctis
848 1953 878 1984 C
889 1959 920 1984 et
933 1954 975 1990 A,

132 1997 176 2029 eo
206 1997 313 2028 minus
344 2008 452 2039 graves
479 2004 563 2034 sunt,

138 2051 211 2072 nam
227 2041 308 2071 actio
324 2040 427 2071 Luuae
442 2039 505 2071 sive
520 2041 566 2070 vis

138 2090 176 2114 ut
208 2083 239 2113 G
270 2083 310 2119 T,
340 2083 404 2112 vim
435 2082 565 2123 propriae

139 2125 296 2166 gravitatis
321 2135 427 2155 versus
453 2125 483 2155 T
506 2124 566 2154 mi-

139 2169 222 2203 nuit,
252 2173 283 2198 et
313 2177 375 2208 quo
410 2168 567 2206 propiores

138 2217 212 2242 sunt
226 2209 350 2249 punctis
372 2210 400 2240 B
416 2215 446 2240 et
464 2210 507 2246 D,
530 2208 568 2240 eo

138 2252 294 2294 graviores
330 2252 420 2287 fiunt,
459 2251 569 2282 eadem

139 2296 223 2331 enim
252 2295 332 2325 actio
361 2294 477 2325 lunaris
505 2293 569 2324 sive

139 2339 190 2377 vis¹
210 2343 248 2368 ut
273 2337 300 2368 F
321 2337 360 2372 G,
387 2337 568 2378 gravitatem

139 2379 295 2420 propriam
320 2386 423 2421 auget.
485 2379 571 2416 Quia

140 2422 212 2461 verti
235 2422 347 2463 globus
376 2423 404 2452 A
426 2422 454 2453 Β
474 2422 500 2452 C
526 2422 569 2458 D,

141 2464 240 2497 fluido
254 2465 327 2495 satis
340 2464 497 2504 profundo
511 2474 571 2494 un-

142 2506 237 2547 dique
254 2513 416 2546 coopertus
434 2507 570 2546 ponitur,

143 2549 231 2580 fluidi
260 2555 363 2579 autem
392 2556 494 2589 partes
521 2559 572 2579 ce-

143 2592 222 2623 dunt
241 2591 272 2621 vi
296 2591 481 2631 cuicumque
503 2592 570 2622 illa·

142 2641 183 2666 tae
202 2639 233 2664 et
252 2633 389 2664 cedendo
402 2633 492 2664 facile
506 2644 573 2664 mo-

144 2683 255 2707 ventur
280 2675 361 2706 inter
379 2685 420 2711 se,
442 2675 574 2708 fluidum

144 2719 223 2750 illud
243 2728 348 2749 versus
371 2719 402 2748 A
418 2723 449 2748 et
467 2719 493 2749 C
516 2728 571 2758 po-

144 2761 238 2792 situm
260 2771 279 2791 a
300 2760 398 2790 fluido
419 2770 526 2790 versus
543 2761 572 2793 B

145 2810 177 2835 et
202 2804 244 2839 D,
267 2803 368 2843 posito
390 2802 576 2842 expelletur,

147 2846 248 2877 levius
261 2845 380 2876 scilicet
394 2856 413 2875 a
429 2844 576 2885 graviore,

150 2888 311 2919 attolletur
344 2886 419 2929 ergo
447 2886 580 2919 fluidum

151 2940 259 2961 versus
275 2930 307 2960 A
322 2935 353 2961 et
370 2931 407 2968 C,
429 2929 579 2969 deprimo-

148 2979 261 3013 turque
284 2983 390 3003 versus
418 2973 447 3003 B
473 2977 504 3002 et
531 2972 574 3007 D,

149 3015 249 3046 donec
263 3014 378 3046 scilicet
394 3014 492 3056 major
506 3012 595 3046 fluidi
609 3013 706 3046 moles
724 3021 756 3046 et
773 3013 904 3046 altitudo
918 3024 984 3045 ma.

147 3058 248 3099 jerem
263 3057 444 3098 gravitatem
458 3062 643 3098 compenset,
661 3062 692 3086 et
706 3056 821 3098 ubique
837 3057 985 3086 constitu-

151 3105 222 3132 atur
243 3099 458 3141 aequilibrium
505 3100 701 3139 Quapropter
725 3099 900 3142 superficies
920 3108 984 3128 ma

1018 1910 1085 1940 axis
1109 1917 1155 1940 est
1176 1917 1259 1941 recta
1283 1911 1313 1940 A
1332 1911 1369 1946 C,
1392 1920 1463 1950 quae
1484 1911 1635 1950 producta
1654 1921 1709 1950 per
1729 1911 1855 1941 Lunam

1018 1953 1167 1984 transibit.
1209 1952 1296 1983 Hinc
1310 1959 1394 1993 patet
1409 1952 1541 1994 figuram
1555 1953 1649 1985 matis
1664 1953 1696 1984 in
1711 1954 1856 1994 sphaeroi-

1018 1995 1091 2026 dem
1105 1995 1270 2036 oblongam
1286 1995 1412 2026 formari
1426 1996 1547 2029 debere.

1065 2081 1134 2111 107.
1159 2079 1258 2109 Simili
1273 2085 1457 2120 argumento
1472 2085 1555 2120 patet
1569 2078 1760 2110 considerata
1777 2079 1857 2110 Solis

1019 2122 1140 2154 actione
1155 2121 1286 2152 fluidum
1299 2129 1438 2153 terrestre
1450 2121 1594 2160 componi
1608 2121 1640 2150 in
1653 2122 1855 2160 sphaeroidem

1020 2164 1186 2203 oblongam
1209 2164 1298 2205 cujus
1312 2164 1378 2193 axis
1392 2164 1560 2203 productus
1580 2173 1634 2202 per
1653 2163 1756 2194 Solem
1773 2170 1856 2194 tran-

1020 2206 1069 2237 sit.
1119 2206 1152 2236 Si
1173 2206 1256 2236 enim
1281 2206 1328 2246 (in
1349 2206 1402 2247 fig.
1421 2205 1570 2245 proeced.)
1597 2205 1711 2246 globus
1736 2206 1765 2237 L
1791 2216 1856 2237 non

1024 2249 1151 2281 Lunam
1167 2247 1221 2281 sed
1239 2248 1342 2278 Solem
1357 2248 1505 2288 designet,
1523 2254 1633 2278 caetera
1646 2258 1678 2278 se
1692 2249 1806 2279 habent
1821 2255 1857 2279 ut

1021 2289 1124 2329 supra.
1166 2293 1211 2320 At
1225 2290 1258 2319 in
1273 2291 1332 2320 hoc
1347 2300 1417 2320 casu
1434 2290 1536 2320 minor
1550 2290 1607 2320 erit
1621 2289 1715 2331 quam
1730 2291 1762 2322 in
1779 2291 1854 2321 alte-

1020 2343 1056 2362 ro
1076 2332 1182 2362 axium
1205 2332 1385 2363 differentia.
1435 2333 1518 2362 Nam
1541 2332 1628 2363 fluidi
1649 2339 1753 2364 tumor
1775 2333 1807 2362 in
1827 2334 1854 2364 C

1021 2375 1095 2407 hine
1116 2375 1214 2405 oritur
1235 2374 1317 2414 quod
1339 2374 1471 2405 fluidum
1493 2374 1591 2415 magis
1606 2377 1735 2415 gravitet
1750 2385 1856 2405 versus
1912 2411 1914 2413 v

1022 2417 1147 2448 Lunam
1163 2416 1257 2458 quam
1271 2416 1405 2447 Telluris
1419 2423 1560 2449 centrum
1577 2417 1615 2451 T,
1633 2424 1736 2447 tumor
1751 2424 1855 2447 autem

1021 2459 1108 2491 fluidi
1129 2460 1163 2489 in
1188 2461 1228 2497 A,
1251 2459 1324 2489 inde
1344 2460 1482 2498 provenit
1496 2459 1579 2500 quod
1596 2460 1700 2490 Terrae
1715 2466 1855 2490 centrum

1020 2503 1121 2543 magis
1145 2501 1240 2542 quam
1264 2501 1396 2534 fluidum
1421 2512 1526 2531 versus
1552 2502 1677 2532 Lunam
1703 2504 1855 2542 gravitet;

1021 2555 1125 2586 quare,
1151 2546 1176 2574 si
1199 2545 1265 2575 haec
1290 2544 1419 2575 elevatio
1446 2543 1526 2574 Solis
1550 2544 1663 2574 actioni
1692 2545 1853 2581 tribuatur,

1021 2587 1123 2618 minor
1137 2587 1195 2617 erit
1208 2587 1335 2617 effectus
1346 2587 1485 2626 quamvis
1496 2586 1574 2616 actio
1588 2586 1667 2616 Solis
1681 2587 1713 2615 in
1728 2587 1856 2617 Terram

1022 2631 1122 2671 major
1136 2629 1174 2660 sit
1188 2628 1282 2670 quam
1298 2630 1377 2659 actio
1394 2630 1495 2659 Lunoe
1509 2630 1540 2658 in
1557 2629 1708 2666 eamdem,
1723 2629 1858 2660 Telluris

1023 2673 1106 2703 enim
1122 2672 1362 2703 serni-diameter
1378 2672 1407 2702 T
1425 2672 1451 2702 C
1466 2671 1514 2700 vel
1532 2671 1561 2701 T
1578 2671 1608 2701 A
1624 2670 1688 2700 fere
1707 2671 1861 2703 evanescit

1025 2721 1163 2755 respectu
1179 2715 1339 2745 immensae
1355 2714 1435 2743 Solis
1448 2724 1467 2744 a
1483 2712 1581 2744 Terra
1596 2713 1757 2751 distantiae,
1773 2713 1858 2745 ided-

1025 2768 1087 2798 que
1102 2757 1189 2787 fluidi
1205 2757 1237 2786 in
1256 2757 1282 2786 C
1297 2756 1389 2786 locati
1409 2756 1541 2797 gravitas
1555 2765 1660 2785 versus
1677 2756 1779 2787 Solem
1801 2756 1860 2787 erit

1025 2799 1244 2833 insensibiliter
1276 2799 1374 2838 major
1408 2799 1555 2838 gravitate
1586 2797 1720 2829 Telluris
1753 2809 1860 2830 versus

1028 2842 1173 2876 eundem,
1190 2847 1220 2871 et
1234 2840 1320 2871 fluidi
1336 2841 1368 2870 in
1390 2842 1415 2871 A
1434 2841 1522 2879 positi
1537 2840 1671 2883 gravitas
1682 2851 1787 2872 versus
1804 2842 1860 2872 So-

1026 2885 1088 2915 lem
1115 2884 1172 2914 erit
1194 2883 1410 2914 insensibiliter
1431 2883 1533 2912 minor
1553 2885 1701 2926 gravitate
1724 2884 1862 2917 Telluris

1027 2937 1132 2957 versus
1155 2925 1299 2961 eundem,
1326 2935 1420 2965 quare
1444 2924 1545 2967 figura
1573 2925 1760 2968 spbaeroidea
1788 2926 1863 2956 inde

1028 2970 1133 3010 genita
1158 2978 1267 3008 parum
1294 2969 1477 2997 intumescet
1502 2967 1541 2997 ad
1563 2969 1689 2999 vertices
1718 2970 1743 3000 C
1765 2976 1796 3000 et
1819 2970 1861 3004 A,

1029 3021 1199 3052 parumque
1221 3010 1252 3039 in
1275 3010 1391 3039 circulo
1410 3010 1437 3040 B
1456 3010 1489 3040 D
1510 3009 1705 3052 deprimetur,
1727 3018 1863 3042 attamen

1031 3061 1154 3093 propter
1177 3054 1341 3086 immensas
1368 3052 1447 3082 Solis
1466 3051 1537 3082 licet
1558 3053 1752 3084 remotissimi
1776 3054 1863 3089 vires,

1029 3096 1139 3137 aliquis
1153 3095 1209 3126 erit
1223 3094 1350 3127 actionis
1363 3094 1468 3126 solaris
1481 3095 1618 3126 effectus.

973 3155 1032 3185 12
