2092 3470
292 229 317 265 s
660 250 667 258 .
694 203 1142 266 PHILOSOPHIAE
1173 221 1533 285 NATURALIS
1590 222 1686 276 [DE
1707 221 1838 265 Mun.
1857 222 1978 268 sm.

346 335 643 393 Elongationes
659 337 878 380 satellitum
899 337 1013 380 Jovis
1033 344 1074 379 et
1093 336 1339 379 diametrum
1358 338 1444 393 ejus
1459 337 1517 380 D.
1540 337 1690 379 Pound
1708 336 1980 379 micrometris

288 406 452 463 optimis
481 406 767 450 determinavit
793 415 841 450 ut
870 407 1065 464 sequitur.
1125 407 1187 462 (¹¹¹)
1221 406 1442 464 Elongatio
1475 396 1657 450 maxima
1689 407 1981 453 heliocentrica

288 476 470 518 satellitis
485 477 618 534 quarti
638 493 663 519 a
681 486 824 520 centro
849 478 964 520 Jovis
983 478 1246 519 micrometro
1265 478 1309 518 in
1328 479 1429 520 tubo
1450 478 1685 536 quindecim
1703 479 1831 535 pedes
1849 471 1978 536 longo

291 557 410 604 capta
437 549 525 608 fuit,
556 559 598 592 et
625 551 784 606 prodiit
803 551 848 591 in
875 549 1073 591 mediocri
1092 550 1119 591 J
1121 550 1207 591 ovis
1226 565 1252 591 a
1272 549 1405 592 Terra
1426 550 1617 592 distantia
1638 552 1689 593 8‘.
1714 553 1787 594 16”
1807 547 1981 593 circiter.

290 620 353 661 Ea
373 620 555 663 satellitis
574 621 683 662 tertii
702 621 965 661 micrometro
985 620 1028 660 in
1050 619 1271 675 telescopio
1290 621 1416 675 pedes
1440 626 1519 663 123
1540 621 1667 678 longo
1687 629 1807 677 capta
1828 621 1917 672 suit,
1938 629 1982 663 et

286 693 439 747 prodiit
459 694 502 734 in
523 693 666 735 eadem
685 693 800 735 Jovis
819 708 845 734 a
864 692 996 734 Terra
1017 691 1212 733 distantia
1233 695 1285 734 4'.
1307 693 1399 734 42''.
1460 692 1756 750 Elongationes
1786 684 1985 735 maximae

287 765 537 821 reliquorum
568 765 786 807 satellitum
813 765 857 805 in
891 764 1032 806 eadem
1064 763 1179 806 Jovis
1207 779 1233 805 a
1261 763 1395 806 Terra
1425 763 1616 806 distantia
1644 778 1697 806 ex
1725 764 1980 818 temporibus

285 835 506 890 periodicis
526 835 735 890 prodeunt
754 837 804 875 2¹.
827 837 917 876 56⁰.
938 836 1041 884 47¹⁰,
1064 842 1105 875 et
1128 837 1174 875 l‘.
1197 835 1288 876 51'‘.
1311 837 1383 877 6''‘.

333 908 548 950 Diameter
554 908 581 949 J
582 908 667 949 ovis
680 907 943 948 micrometro
955 906 998 947 in
1011 906 1233 961 telescopio
1244 906 1369 961 pedes
1381 910 1458 948 123
1467 905 1593 962 longo
1606 905 1754 960 saepius
1767 913 1886 960 capta
1892 904 1982 957 fuit,

288 981 340 1036 (¹²)
355 989 396 1023 et
415 981 468 1022 ad
482 981 737 1022 mediocrem·
751 980 779 1022 J
781 980 866 1021 ovis
887 994 912 1020 a
934 978 1031 1021 Sole
1049 978 1115 1019 vel
1131 978 1262 1019 Terra
1284 978 1519 1020 distantiam
1534 977 1715 1028 reducta,
1733 991 1894 1032 semper
1905 977 1985 1018 mi-

286 1066 364 1092 nor
375 1051 528 1106 prodiit
540 1049 664 1107 quam
676 1053 741 1092 40(
743 1053 767 1100 ¹,
782 1063 994 1106 nunquam
1007 1049 1144 1090 minor
1157 1048 1280 1105 quam
1297 1050 1388 1097 38“‚
1404 1049 1553 1103 saepius
1567 1049 1659 1091 39⁹.
1691 1048 1743 1090 In
1755 1047 1986 1105 telescopiis

286 1110 540 1164 brevioribus
559 1121 651 1164 haec
671 1122 870 1163 diameter
888 1129 951 1163 est
969 1124 1045 1163 40¹¹
1066 1121 1130 1162 vel
1152 1123 1242 1162 41⁸.
1295 1122 1344 1176 (⁰)
1367 1122 1475 1163 Nam
1491 1122 1565 1163 lux
1579 1121 1694 1163 Jovis
1708 1136 1784 1176 per
1802 1121 1986 1179 inaequae
2027 1161 2031 1165 .
2059 1115 2061 1117 ¹
2085 1151 2087 1154 ι

330 1231 384 1273 (m)
400 1234 451 1263 58.
471 1234 488 1252 ⁸
514 1234 675 1273 Elongatrb
694 1234 827 1263 maxima
845 1233 1051 1263 heliocentrtca
1065 1242 1113 1263 sa-
1199 1231 1246 1274 (¹)
1262 1234 1313 1263 54-
1332 1235 1349 1252 ¹*
1368 1233 1412 1263 Et
1424 1235 1465 1264 ud
1479 1233 1658 1264 mediocrem
1673 1232 1754 1264 ,Iovis
1766 1243 1786 1263 a
1802 1233 1875 1264 Sole.
1917 1231 1986 1263 Da-

286 1274 392 1304 tellitis
405 1274 439 1304 in
452 1275 599 1315 mediocri
611 1274 698 1315 Jovis
712 1285 731 1305 a
745 1274 817 1305 Sole
831 1273 976 1304 distantia
989 1274 1115 1314 aequalis
1155 1280 1208 1305 tur
1228 1274 1337 1313 positio
1358 1274 1448 1304 lineae
1469 1274 1563 1305 ducta
1584 1276 1622 1305 ab
1643 1274 1735 1305 oculo
1754 1273 1931 1314 spectatoris
1944 1273 1986 1306 ad

288 1320 334 1346 est
357 1316 453 1354 ipsius
474 1317 662 1358 elongationi
687 1316 832 1346 maximae
856 1315 1057 1356 geocentricae
1082 1316 1115 1346 in
1157 1316 1270 1348 Jbvem
1294 1323 1431 1356 tempore
1453 1316 1679 1352 observationis,
1703 1323 1735 1346 et
1758 1327 1813 1356 per
1835 1316 1986 1347 theoriam

286 1358 431 1388 mediocri
453 1358 597 1389 distantia
614 1358 755 1398 'ejusdem
775 1358 864 1390 Jovis
880 1368 900 1388 a
915 1355 1021 1388 Terra.
1070 1358 1116 1389 Sit
1161 1358 1251 1395 solis,
1274 1358 1365 1389 datur
1385 1358 1477 1389 etiam
1496 1359 1607 1398 positio
1621 1359 1711 1390 lineae
1725 1357 1826 1390 ductae
1839 1361 1878 1390 ab
1892 1358 1986 1390 oculo

287 1400 371 1430 enim
388 1401 417 1430 A
435 1401 465 1431 Β
483 1402 511 1432 Ρ
530 1402 560 1432 G
579 1402 679 1432 orbita
692 1400 791 1438 Jovis,
811 1399 863 1431 Sol
877 1399 911 1430 in
928 1400 958 1437 S,
977 1401 1008 1430 A
1023 1400 1116 1440 aphe-
1158 1400 1199 1431 ad
1212 1400 1318 1431 'Solem
1335 1400 1405 1442 (47)
1423 1401 1531 1431 eodem
1549 1407 1706 1440 tempore;
1728 1401 1813 1431 unde
1826 1401 1915 1432 datur
1929 1410 1987 1431 an-

1158 1442 1253 1484 gulus
1278 1442 1326 1473 his
1348 1443 1469 1474 duabus
1493 1442 1582 1473 lineis
1601 1444 1796 1482 interceptus,
1823 1453 1878 1474 seu
1899 1442 1988 1474 elon·

679 1486 721 1524 A
1158 1485 1243 1525 gatio
1257 1484 1280 1516 J
1281 1484 1344 1516 ovis
1358 1496 1377 1516 a
1394 1485 1474 1516 Sole.
1507 1485 1641 1524 Insuper
1655 1484 1755 1521 datur,
1770 1495 1825 1524 per
1837 1484 1988 1516 theoriam

1158 1527 1254 1563 Jovis,
1272 1527 1359 1558 locus
1372 1527 1440 1568 ejus
1453 1528 1485 1557 in
1501 1527 1622 1567 propria
1637 1527 1745 1564 orbita,
1766 1533 1798 1558 et
1811 1525 1882 1558 ideo
1895 1533 1988 1559 noun

1159 1575 1204 1603 est
1225 1569 1359 1610 angulus
1379 1580 1473 1610 quem
1494 1569 1758 1608 comprehendunt
1776 1569 1848 1602 dua
1862 1569 1988 1608 lineat

1159 1618 1264 1642 centro
1289 1612 1368 1642 Solis
1389 1612 1490 1643 ductae
1504 1611 1544 1642 ad
1558 1612 1669 1644 Jovem
1686 1618 1717 1642 et
1730 1611 1770 1642 ad
1787 1611 1914 1648 Terram
1930 1619 1988 1643 seu

1159 1654 1286 1684 oculum
1311 1654 1518 1685 observatoris.
1581 1653 1621 1684 In
1647 1653 1803 1694 triangulo
1827 1653 1924 1694 igitur
1947 1663 1987 1684 ex

1159 1696 1257 1727 tribus
1271 1695 1331 1727 illis
1345 1695 1435 1726 lineis
1449 1696 1530 1727 facto
1544 1697 1634 1737 cujus
1646 1696 1782 1737 angulus
1797 1707 1880 1727 unus
1893 1702 1941 1727 est
1953 1696 1988 1732 ‘m

1159 1738 1251 1769 oculo
1271 1739 1446 1778 spectatoris
1466 1749 1522 1769 seu
1541 1739 1576 1769 in
1599 1737 1706 1776 Terra,
1729 1738 1806 1770 alter
1818 1738 1853 1768 in
1870 1738 1942 1770 Sole
1955 1744 1988 1773 et

1159 1781 1268 1812 tertius
1281 1780 1315 1810 in
1329 1781 1418 1818 Jove,
1443 1781 1555 1812 damur
1567 1780 1675 1822 anguli
1690 1790 1805 1816 omneS,
1829 1787 1861 1812 et
1874 1775 1987 1822 exin'dss

1159 1822 1250 1854 datur
1270 1823 1349 1854 ratio
1370 1823 1500 1854 laterum
1522 1833 1577 1854 seu
1597 1822 1675 1854 ratio
1696 1822 1849 1854 distantiae
1863 1821 1951 1855 Jovis
1967 1823 1987 1855 ἰ

1163 1865 1235 1898 sole
1248 1865 1287 1896 ad
1302 1865 1476 1896 distantiam
1487 1865 1575 1898 Jovis
1588 1876 1607 1896 a
1623 1864 1720 1897 Terra
1734 1871 1871 1906 tempore
1883 1866 1988 1903 obser:-

1160 1907 1298 1939 vationis.
1348 1908 1451 1939 Datur
1473 1906 1553 1946 vera,
1583 1918 1638 1948 per
1662 1907 1810 1939 theoriam
1835 1907 1924 1940 Jovis
1947 1917 1987 1942 ex

1160 1950 1419 1982 observationibus
1430 1951 1636 1988 constitutam,
1649 1950 1726 1982 ratio
1737 1949 1891 1982 distantiae
1899 1949 1988 1982 Jovi-

1160 2003 1180 2024 a
1192 1993 1264 2027 Sole
1278 1999 1414 2033 tempore
1425 1992 1642 2024 observationis
1651 1993 1691 2024 ad
1705 1993 1801 2032 ipsius
1811 1991 1987 2025 distantius

1161 2035 1346 2068 mediocrem
1369 2047 1388 2066 a
1413 2035 1483 2068 Sole
1504 2035 1553 2066 vel
1577 2045 1596 2066 a
1617 2034 1723 2066 Terra.
1774 2035 1880 2072 Quare
1897 2034 1988 2077 datm·

1161 2078 1239 2110 ratio
1260 2077 1411 2109 distantiae
1431 2077 1519 2110 Jovis
1539 2088 1557 2108 a
1582 2076 1678 2110 Terra
1698 2083 1834 2118 tempore
1847 2078 1986 2114 observa-

1162 2120 1254 2151 tionis
1268 2120 1308 2151 ad
1322 2120 1496 2151 distantiam
1513 2119 1778 2162 ejusmediocrem
1793 2130 1812 2151 a
1825 2119 1896 2151 sole
1910 2116 1959 2150 vel
1968 2129 1988 2151 a

1161 2205 1218 2236 visi
1243 2211 1316 2237 sunt
1338 2205 1474 2247 intersse
1494 2205 1611 2236 inverse
1631 2210 1668 2235 ut
1688 2203 1840 2235 distantiae
1860 2203 1950 2236 Jovis
1966 2213 1987 2236 ι

1164 2247 1270 2285 Terra,
1294 2248 1416 2279 dabitur
1436 2248 1538 2288 itaque
1558 2246 1635 2279 ratio
1657 2246 1795 2277 diametri
1814 2245 1986 2290 apparentip

1162 2297 1299 2331 tempore
1312 2289 1527 2321 observationis
1541 2288 1581 2320 ad
1595 2289 1778 2320 diametrum
1789 2295 1984 2329 apparentem

1161 2333 1195 2364 in
1210 2331 1356 2367 mediocri
1370 2331 1513 2364 distantia
1527 2330 1613 2364 Jovis
1627 2342 1647 2362 a
1663 2330 1759 2362 Terra
1773 2331 1821 2362 vel
1838 2330 1918 2362 Sole.
1943 2356 1945 2358 .

1206 2375 1251 2418 (⁰)
1274 2378 1324 2407 55.
1344 2377 1360 2394 ⁸
1378 2377 1465 2406 Nam
1485 2376 1537 2406 luz·
1556 2376 1646 2407 Jovis.
1694 2373 1866 2405 Newto‘nus
1889 2373 1967 2411 Pro*-

1168 2417 1246 2448 VII.
1272 2417 1343 2448 Lib.
1363 2417 1391 2448 1.
1419 2416 1556 2456 Optices‚
1580 2415 1795 2456 experimentis
1816 2422 1847 2447 et
1863 2413 1952 2455 calcu

1161 2459 1278 2490 invenit
1298 2459 1391 2500 quod,
1414 2459 1439 2489 si
1457 2469 1494 2490 ex
1511 2465 1627 2499 puncto
1640 2458 1745 2490 lucido
1758 2457 1791 2489 in
1806 2467 1894 2489 axem
1909 2451 1984 2492 teie-

1162 2502 1256 2541 scopii
1277 2502 1375 2542 posito
1396 2502 1436 2532 ad
1457 2501 1614 2542 ingentem
1639 2501 1823 2538 distantiam,
1849 2498 1926 2533 radii
1940 2509 1984 2543 3121

1162 2544 1276 2575 vitrum
1300 2543 1484 2585 objectivum
1507 2543 1643 2574 incidant
1667 2543 1718 2574 axi
1746 2540 1892 2583 paralleliss
1920 2540 1984 2578 (13⁸.-

1161 2587 1256 2618 tincta
1278 2592 1309 2618 et
1330 2586 1459 2618 minima
1483 2586 1576 2627 hujus
1600 2585 1707 2625 puncti
1731 2585 1835 2637 imago
1855 2584 1890 2624 in
1912 2582 1982 2627 vitri

292 2627 369 2659 lium
391 2628 487 2665 Jovis,
513 2629 541 2660 P
562 2627 755 2668 perihelium,
780 2627 810 2660 T
835 2628 937 2664 Terra,
960 2628 1018 2660 erit
1045 2630 1075 2660 A
1096 2629 1118 2661 S
1160 2630 1230 2660 foco
1255 2628 1383 2669 depicta,
1409 2635 1455 2660 est
1477 2628 1618 2666 circulus,
1641 2638 1704 2659 non
1732 2638 1805 2660 vero
1831 2627 1982 2668 punctum

292 2671 426 2703 maxima
447 2671 590 2702 distantia
615 2670 703 2702 Jovis
728 2681 747 2701 a
773 2671 852 2708 Sole,
879 2671 900 2703 S
918 2671 946 2702 P
966 2671 1116 2710 minima3
1160 2677 1196 2702 ut
1224 2681 1289 2703 esse
1316 2671 1448 2709 deberet,
1483 2672 1620 2702 obstante
1649 2670 1796 2702 nimirum
1822 2679 1886 2702 non
1913 2674 1983 2701 tan·

297 2714 327 2743 A
345 2714 373 2743 T
388 2712 458 2744 vero
473 2713 607 2744 maxima
621 2712 765 2744 distantia
779 2713 867 2745 Jovis
881 2724 900 2744 a
916 2712 1022 2751 Terra,
1045 2714 1072 2745 P
1089 2715 1118 2745 T
1160 2719 1228 2745 tum
1263 2713 1333 2745 viui
1365 2713 1574 2752 sphaericitate,
1611 2713 1666 2744 sed
1695 2710 1848 2753 precipue
1881 2711 1982 2743 radio-

293 2755 430 2792 minima,
447 2762 478 2785 et
491 2754 561 2786 ideo
575 2755 737 2787 mediocris
751 2755 896 2787 distantia
910 2756 997 2787 Jovis
1011 2767 1029 2786 a
1046 2756 1117 2788 Sole
1159 2766 1231 2788 rum
1251 2755 1396 2796 inaequali
1417 2755 1666 2796 refrangibilitate
1687 2755 1750 2798 qua
1768 2755 1822 2786 lux
1845 2764 1883 2786 ea
1904 2753 1973 2786 dila

293 2806 348 2827 seu
363 2797 386 2838 ᾖ
406 2798 434 2827 A
454 2798 535 2827 P=
546 2797 566 2838 ξ
584 2800 613 2829 A
629 2799 703 2841 84
720 2797 738 2839 ᾖ
756 2798 776 2828 S
791 2798 827 2834 P,
844 2804 874 2829 et
888 2798 1048 2829 mediocris
1056 2799 1118 2830 dis·
1160 2802 1251 2832 tatur.
1321 2798 1405 2829 Nam
1439 2799 1474 2829 in
1501 2793 1589 2829 vitro'
1606 2799 1700 2839 plano
1727 2807 1862 2829 convexo
1893 2796 1982 2838 cuju·

293 2839 390 2869 tant-ia
401 2839 617 2871 Jovisa'rerra
628 2840 716 2882 erit}
733 2841 795 2872 AT
803 2840 871 2883 4}
882 2841 1028 2882 TP=5
1044 2843 1073 2872 A
1084 2841 1119 2872 P.
1161 2840 1336 2872 convexitas
1363 2847 1479 2881 puncto
1503 2840 1608 2872 lucido
1629 2840 1804 2878 obvertitur,
1832 2838 1986 2880 cu'uaque

297 2880 403 2916 Quare
412 2881 551 2911 duaeiuae
560 2883 726 2914 mediocres
735 2882 886 2914 distantiae
895 2883 1115 2924 suntaequales,
1160 2883 1344 2922 sphaericitas
1376 2883 1558 2915 diametrum
1595 2883 1686 2914 habet
1723 2885 1784 2915 100
1878 2903 1887 2912 .
1926 2891 1983 2916 neu

294 2921 424 2963 ideoque
445 2923 654 2964 elongationes
678 2926 821 2956 maximae
841 2925 1063 2958 beliocentricae
1087 2931 1118 2956 et
1162 2928 1245 2956 1200
1265 2925 1351 2974 digit.
1371 2932 1512 2965 apertura
1526 2923 1597 2957 vero
1613 2929 1633 2957 4
1653 2924 1742 2967 digit:
1756 2924 1904 2955 diameter
1923 2922 1983 2958 cit-

295 2965 493 3004 geocentricae
514 2966 548 2995 in
569 2964 776 2999 mediocribus
792 2967 853 3000 inis
873 2967 1024 3000 distantiis
1045 2974 1118 3000 sunt
1159 2967 1227 2998 celli
1242 2978 1297 3008 qui
1311 2978 1348 2997 ex
1364 2968 1432 2998 vitri
1454 2968 1654 3008 sphaericitate
1675 2967 1770 2998 oritur
1793 2967 1850 2998 erit
1863 2960 1985 2999 addia-
2019 2968 2021 2971 ’

294 3008 385 3038 etiam
401 3007 540 3049 aequales.
1161 3016 1294 3044 metrum
1334 3010 1471 3059 ejusdem
1516 3009 1629 3042 circelli
1667 3007 1802 3042 maxime
1847 3003 1982 3041 dimittet?

1164 2162 1269 2194 Terra.
1319 2163 1379 2194 Sed
1401 2163 1539 2194 diametri
1561 2173 1599 2202 ap
1671 2168 1738 2193 ntes
1758 2161 1845 2194 Jovis
1858 2172 1876 2192 e
1891 2158 1996 2192 Terrss-
