<?xml version="1.0" encoding="UTF-8"?>
<!DOCTYPE html PUBLIC "-//W3C//DTD XHTML 1.0 Transitional//EN"
    "http://www.w3.org/TR/xhtml1/DTD/xhtml1-transitional.dtd">
<html xmlns="http://www.w3.org/1999/xhtml" xml:lang="en" lang="en">
 <head>
  <title>
</title>
<meta http-equiv="Content-Type" content="text/html;charset=utf-8" />
  <meta name='ocr-system' content='tesseract 3.04.00' />
  <meta name='ocr-capabilities' content='ocr_page ocr_carea ocr_par ocr_line ocrx_word'/>
</head>
<body>
  <div class='ocr_page' id='page_1' title='image "./philosophiaenatu03newtuoft_0146.png"; bbox 0 0 2092 3470; ppageno 0'>
   <div class='ocr_carea' id='block_1_1' title="bbox 231 221 1938 274">
    <p class='ocr_par' dir='ltr' id='par_1_1' title="bbox 231 221 1938 274">
     <span class='ocr_line' id='line_1_1' title="bbox 231 221 1938 274; baseline 0.003 -14"><span class='ocrx_word' id='word_1_1' title='bbox 231 226 283 261; x_wconf 85' lang='lat'><strong>98</strong></span> <span class='ocrx_word' id='word_1_2' title='bbox 633 221 1082 266; x_wconf 87' lang='lat' dir='ltr'>PHILOSOPHIAE</span> <span class='ocrx_word' id='word_1_3' title='bbox 1114 221 1476 266; x_wconf 84' lang='lat' dir='ltr'><strong>NATURALIS</strong></span> <span class='ocrx_word' id='word_1_4' title='bbox 1519 222 1615 274; x_wconf 75' lang='lat' dir='ltr'><strong>[Dr.</strong></span> <span class='ocrx_word' id='word_1_5' title='bbox 1633 221 1796 265; x_wconf 76' lang='lat' dir='ltr'><strong>Mum).</strong></span> <span class='ocrx_word' id='word_1_6' title='bbox 1814 223 1938 266; x_wconf 70' lang='lat' dir='ltr'><strong>Srs‘r.</strong></span> 
     </span>
    </p>
   </div>
   <div class='ocr_carea' id='block_1_2' title="bbox 193 333 1962 2199">
    <p class='ocr_par' dir='ltr' id='par_1_2' title="bbox 193 333 1962 2053">
     <span class='ocr_line' id='line_1_2' title="bbox 226 333 1935 390; baseline 0.001 -17"><span class='ocrx_word' id='word_1_7' title='bbox 226 347 305 373; x_wconf 86' lang='lat' dir='ltr'><strong>nor</strong></span> <span class='ocrx_word' id='word_1_8' title='bbox 324 333 446 375; x_wconf 88' lang='lat' dir='ltr'><strong>faciet</strong></span> <span class='ocrx_word' id='word_1_9' title='bbox 464 341 510 375; x_wconf 91' lang='lat' dir='ltr'><strong>ut</strong></span> <span class='ocrx_word' id='word_1_10' title='bbox 529 348 635 390; x_wconf 89' lang='lat' dir='ltr'><strong>aqua</strong></span> <span class='ocrx_word' id='word_1_11' title='bbox 655 335 849 377; x_wconf 81' lang='lat' dir='ltr'><strong>ascendat</strong></span> <span class='ocrx_word' id='word_1_12' title='bbox 875 336 928 377; x_wconf 90' lang='lat' dir='ltr'><strong>ad</strong></span> <span class='ocrx_word' id='word_1_13' title='bbox 946 335 1197 377; x_wconf 88' lang='lat' dir='ltr'>mediocrem</span> <span class='ocrx_word' id='word_1_14' title='bbox 1226 334 1484 377; x_wconf 86' lang='lat' dir='ltr'><strong>altitudinem</strong></span> <span class='ocrx_word' id='word_1_15' title='bbox 1509 334 1554 375; x_wconf 92' lang='lat' dir='ltr'><strong>in</strong></span> <span class='ocrx_word' id='word_1_16' title='bbox 1578 333 1718 375; x_wconf 90' lang='lat' dir='ltr'><strong>medio</strong></span> <span class='ocrx_word' id='word_1_17' title='bbox 1737 334 1935 389; x_wconf 89' lang='lat' dir='ltr'><strong>ipsorum,</strong></span> 
     </span>
     <span class='ocr_line' id='line_1_3' title="bbox 229 406 1936 464; baseline 0.001 -16"><span class='ocrx_word' id='word_1_18' title='bbox 229 416 271 449; x_wconf 89' lang='lat' dir='ltr'><strong>et</strong></span> <span class='ocrx_word' id='word_1_19' title='bbox 298 409 406 449; x_wconf 88' lang='lat' dir='ltr'><strong>inter</strong></span> <span class='ocrx_word' id='word_1_20' title='bbox 435 407 610 459; x_wconf 86' lang='lat' dir='ltr'><strong>affluxus</strong></span> <span class='ocrx_word' id='word_1_21' title='bbox 639 410 760 451; x_wconf 90' lang='lat' dir='ltr'><strong>binos</strong></span> <span class='ocrx_word' id='word_1_22' title='bbox 789 409 971 450; x_wconf 88' lang='lat' dir='ltr'><strong>minores</strong></span> <span class='ocrx_word' id='word_1_23' title='bbox 1000 424 1107 464; x_wconf 90' lang='lat' dir='ltr'><strong>aqua</strong></span> <span class='ocrx_word' id='word_1_24' title='bbox 1136 407 1332 449; x_wconf 84' lang='lat' dir='ltr'><strong>ascendet</strong></span> <span class='ocrx_word' id='word_1_25' title='bbox 1357 407 1411 450; x_wconf 91' lang='lat' dir='ltr'><strong>ad</strong></span> <span class='ocrx_word' id='word_1_26' title='bbox 1429 406 1690 449; x_wconf 85' lang='lat' dir='ltr'><strong>altitudinem</strong></span> <span class='ocrx_word' id='word_1_27' title='bbox 1709 406 1936 449; x_wconf 87' lang='lat' dir='ltr'><strong>minimam.</strong></span> 
     </span>
     <span class='ocr_line' id='line_1_4' title="bbox 232 473 1936 539; baseline 0 -18"><span class='ocrx_word' id='word_1_28' title='bbox 232 473 300 522; x_wconf 84' lang='lat' dir='ltr'><strong>Sic</strong></span> <span class='ocrx_word' id='word_1_29' title='bbox 320 481 453 535; x_wconf 88' lang='lat' dir='ltr'><strong>spatio</strong></span> <span class='ocrx_word' id='word_1_30' title='bbox 471 482 616 539; x_wconf 88' lang='lat' dir='ltr'><strong>viginti</strong></span> <span class='ocrx_word' id='word_1_31' title='bbox 635 491 812 539; x_wconf 88' lang='lat' dir='ltr'><strong>quatuor</strong></span> <span class='ocrx_word' id='word_1_32' title='bbox 839 482 1050 532; x_wconf 90' lang='lat' dir='ltr'><strong>horarum,</strong></span> <span class='ocrx_word' id='word_1_33' title='bbox 1083 496 1190 537; x_wconf 92' lang='lat' dir='ltr'><strong>aqua</strong></span> <span class='ocrx_word' id='word_1_34' title='bbox 1210 496 1295 522; x_wconf 90' lang='lat' dir='ltr'><strong>non</strong></span> <span class='ocrx_word' id='word_1_35' title='bbox 1314 481 1378 522; x_wconf 87' lang='lat' dir='ltr'><strong>bis</strong></span> <span class='ocrx_word' id='word_1_36' title='bbox 1398 489 1445 522; x_wconf 91' lang='lat' dir='ltr'><strong>ut</strong></span> <span class='ocrx_word' id='word_1_37' title='bbox 1464 481 1555 522; x_wconf 87' lang='lat' dir='ltr'><strong>fieri</strong></span> <span class='ocrx_word' id='word_1_38' title='bbox 1575 481 1692 532; x_wconf 90' lang='lat' dir='ltr'><strong>solet,</strong></span> <span class='ocrx_word' id='word_1_39' title='bbox 1715 480 1789 522; x_wconf 92' lang='lat' dir='ltr'><strong>sed</strong></span> <span class='ocrx_word' id='word_1_40' title='bbox 1809 480 1936 522; x_wconf 89' lang='lat' dir='ltr'><strong>semel</strong></span> 
     </span>
     <span class='ocr_line' id='line_1_5' title="bbox 228 550 1937 609; baseline -0.001 -16"><span class='ocrx_word' id='word_1_41' title='bbox 228 560 387 594; x_wconf 89' lang='lat' dir='ltr'><strong>tantum</strong></span> <span class='ocrx_word' id='word_1_42' title='bbox 406 555 618 609; x_wconf 86' lang='lat' dir='ltr'><strong>perveniet</strong></span> <span class='ocrx_word' id='word_1_43' title='bbox 637 555 690 596; x_wconf 91' lang='lat' dir='ltr'><strong>ad</strong></span> <span class='ocrx_word' id='word_1_44' title='bbox 709 555 934 596; x_wconf 83' lang='lat' dir='ltr'><strong>maximam</strong></span> <span class='ocrx_word' id='word_1_45' title='bbox 954 552 1215 594; x_wconf 89' lang='lat' dir='ltr'><strong>altitudinem</strong></span> <span class='ocrx_word' id='word_1_46' title='bbox 1235 560 1277 594; x_wconf 91' lang='lat' dir='ltr'><strong>et</strong></span> <span class='ocrx_word' id='word_1_47' title='bbox 1296 551 1423 594; x_wconf 90' lang='lat' dir='ltr'><strong>semel</strong></span> <span class='ocrx_word' id='word_1_48' title='bbox 1445 552 1496 593; x_wconf 89' lang='lat' dir='ltr'><strong>ad</strong></span> <span class='ocrx_word' id='word_1_49' title='bbox 1517 552 1752 593; x_wconf 86' lang='lat' dir='ltr'><strong>minimam:</strong></span> <span class='ocrx_word' id='word_1_50' title='bbox 1781 560 1823 593; x_wconf 92' lang='lat' dir='ltr'><strong>et</strong></span> <span class='ocrx_word' id='word_1_51' title='bbox 1842 550 1937 592; x_wconf 86' lang='lat' dir='ltr'><strong>alti-</strong></span> 
     </span>
     <span class='ocr_line' id='line_1_6' title="bbox 227 623 1937 680; baseline 0 -15"><span class='ocrx_word' id='word_1_52' title='bbox 227 624 330 666; x_wconf 84' lang='lat' dir='ltr'><strong>tudo</strong></span> <span class='ocrx_word' id='word_1_53' title='bbox 347 626 541 676; x_wconf 87' lang='lat' dir='ltr'><strong>maxima‚</strong></span> <span class='ocrx_word' id='word_1_54' title='bbox 563 626 597 668; x_wconf 91' lang='lat' dir='ltr'><strong>si</strong></span> <span class='ocrx_word' id='word_1_55' title='bbox 619 627 741 668; x_wconf 89' lang='lat' dir='ltr'><strong>Luna</strong></span> <span class='ocrx_word' id='word_1_56' title='bbox 760 625 940 666; x_wconf 88' lang='lat' dir='ltr'><strong>declinat</strong></span> <span class='ocrx_word' id='word_1_57' title='bbox 958 625 1003 665; x_wconf 93' lang='lat' dir='ltr'><strong>in</strong></span> <span class='ocrx_word' id='word_1_58' title='bbox 1020 624 1163 680; x_wconf 90' lang='lat' dir='ltr'><strong>polum</strong></span> <span class='ocrx_word' id='word_1_59' title='bbox 1184 639 1309 679; x_wconf 88' lang='lat' dir='ltr'><strong>supra</strong></span> <span class='ocrx_word' id='word_1_60' title='bbox 1327 623 1584 665; x_wconf 89' lang='lat' dir='ltr'><strong>horizontem</strong></span> <span class='ocrx_word' id='word_1_61' title='bbox 1604 623 1698 675; x_wconf 91' lang='lat' dir='ltr'><strong>loci,</strong></span> <span class='ocrx_word' id='word_1_62' title='bbox 1720 623 1874 665; x_wconf 90' lang='lat' dir='ltr'><strong>incidet</strong></span> <span class='ocrx_word' id='word_1_63' title='bbox 1891 623 1937 664; x_wconf 88' lang='lat' dir='ltr'><strong>in</strong></span> 
     </span>
     <span class='ocr_line' id='line_1_7' title="bbox 225 694 1935 752; baseline 0.001 -16"><span class='ocrx_word' id='word_1_64' title='bbox 225 694 373 738; x_wconf 85' lang='lat' dir='ltr'><strong>horam</strong></span> <span class='ocrx_word' id='word_1_65' title='bbox 391 698 457 739; x_wconf 90' lang='lat' dir='ltr'><strong>vel</strong></span> <span class='ocrx_word' id='word_1_66' title='bbox 477 705 636 739; x_wconf 84' lang='lat' dir='ltr'><strong>sextam</strong></span> <span class='ocrx_word' id='word_1_67' title='bbox 655 698 720 739; x_wconf 89' lang='lat' dir='ltr'><strong>vel</strong></span> <span class='ocrx_word' id='word_1_68' title='bbox 739 697 988 738; x_wconf 88' lang='lat' dir='ltr'><strong>tricesimam</strong></span> <span class='ocrx_word' id='word_1_69' title='bbox 1008 697 1060 738; x_wconf 90' lang='lat' dir='ltr'><strong>ab</strong></span> <span class='ocrx_word' id='word_1_70' title='bbox 1080 696 1258 751; x_wconf 88' lang='lat' dir='ltr'><strong>appulsu</strong></span> <span class='ocrx_word' id='word_1_71' title='bbox 1279 695 1413 736; x_wconf 90' lang='lat' dir='ltr'><strong>Lunae</strong></span> <span class='ocrx_word' id='word_1_72' title='bbox 1433 695 1487 737; x_wconf 88' lang='lat' dir='ltr'><strong>ad</strong></span> <span class='ocrx_word' id='word_1_73' title='bbox 1506 695 1794 746; x_wconf 89' lang='lat' dir='ltr'><strong>meridianum,</strong></span> <span class='ocrx_word' id='word_1_74' title='bbox 1811 703 1935 752; x_wconf 89' lang='lat' dir='ltr'><strong>atque</strong></span> 
     </span>
     <span class='ocr_line' id='line_1_8' title="bbox 227 769 1935 818; baseline 0 -8"><span class='ocrx_word' id='word_1_75' title='bbox 227 769 362 811; x_wconf 80' lang='lat' dir='ltr'><strong>Lunae</strong></span> <span class='ocrx_word' id='word_1_76' title='bbox 391 770 706 812; x_wconf 86' lang='lat' dir='ltr'><strong>declinationem</strong></span> <span class='ocrx_word' id='word_1_77' title='bbox 724 778 910 811; x_wconf 88' lang='lat' dir='ltr'><strong>mutante</strong></span> <span class='ocrx_word' id='word_1_78' title='bbox 929 769 1158 811; x_wconf 89' lang='lat' dir='ltr'><strong>mutabitur</strong></span> <span class='ocrx_word' id='word_1_79' title='bbox 1177 770 1221 810; x_wconf 92' lang='lat' dir='ltr'><strong>in</strong></span> <span class='ocrx_word' id='word_1_80' title='bbox 1242 769 1467 810; x_wconf 84' lang='lat' dir='ltr'><strong>defluxum.</strong></span> <span class='ocrx_word' id='word_1_81' title='bbox 1527 769 1721 818; x_wconf 86' lang='lat' dir='ltr'><strong>Quorum</strong></span> <span class='ocrx_word' id='word_1_82' title='bbox 1748 770 1935 811; x_wconf 89' lang='lat' dir='ltr'><strong>omnium</strong></span> 
     </span>
     <span class='ocr_line' id='line_1_9' title="bbox 225 842 1936 900; baseline 0.001 -17"><span class='ocrx_word' id='word_1_83' title='bbox 225 842 462 898; x_wconf 88' lang='lat' dir='ltr'><strong>exemplum</strong></span> <span class='ocrx_word' id='word_1_84' title='bbox 499 844 543 884; x_wconf 93' lang='lat' dir='ltr'><strong>in</strong></span> <span class='ocrx_word' id='word_1_85' title='bbox 575 851 700 898; x_wconf 92' lang='lat' dir='ltr'><strong>portu</strong></span> <span class='ocrx_word' id='word_1_86' title='bbox 728 844 847 900; x_wconf 89' lang='lat' dir='ltr'><strong>regni</strong></span> <span class='ocrx_word' id='word_1_87' title='bbox 876 843 1093 899; x_wconf 86' lang='lat' dir='ltr'><strong>Tunquini</strong></span> <span class='ocrx_word' id='word_1_88' title='bbox 1122 843 1176 885; x_wconf 89' lang='lat' dir='ltr'><strong>ad</strong></span> <span class='ocrx_word' id='word_1_89' title='bbox 1208 843 1408 885; x_wconf 88' lang='lat' dir='ltr'><strong>Batsham</strong></span> <span class='ocrx_word' id='word_1_90' title='bbox 1429 843 1506 885; x_wconf 90' lang='lat' dir='ltr'><strong>sub</strong></span> <span class='ocrx_word' id='word_1_91' title='bbox 1533 844 1750 885; x_wconf 87' lang='lat' dir='ltr'><strong>latitudine</strong></span> <span class='ocrx_word' id='word_1_92' title='bbox 1779 843 1936 885; x_wconf 81' lang='lat' dir='ltr'><strong>boreali</strong></span> 
     </span>
     <span class='ocr_line' id='line_1_10' title="bbox 225 915 1937 973; baseline 0.002 -18"><span class='ocrx_word' id='word_1_93' title='bbox 225 919 280 955; x_wconf 78' lang='lat'><strong>20</strong></span> <span class='ocrx_word' id='word_1_94' title='bbox 300 930 362 971; x_wconf 91' lang='lat' dir='ltr'><strong>gr.</strong></span> <span class='ocrx_word' id='word_1_95' title='bbox 386 917 467 957; x_wconf 85' lang='lat'><strong>50&#39;.</strong></span> <span class='ocrx_word' id='word_1_96' title='bbox 527 915 719 956; x_wconf 86' lang='lat' dir='ltr'><strong>Halleius</strong></span> <span class='ocrx_word' id='word_1_97' title='bbox 749 930 802 956; x_wconf 88' lang='lat' dir='ltr'><strong>ex</strong></span> <span class='ocrx_word' id='word_1_98' title='bbox 831 923 1051 957; x_wconf 88' lang='lat' dir='ltr'><strong>nautarum</strong></span> <span class='ocrx_word' id='word_1_99' title='bbox 1083 916 1438 958; x_wconf 89' lang='lat' dir='ltr'><strong>observationibus</strong></span> <span class='ocrx_word' id='word_1_100' title='bbox 1467 916 1671 971; x_wconf 89' lang='lat' dir='ltr'><strong>patefecit.</strong></span> <span class='ocrx_word' id='word_1_101' title='bbox 1732 917 1799 959; x_wconf 91' lang='lat' dir='ltr'><strong>Ibi</strong></span> <span class='ocrx_word' id='word_1_102' title='bbox 1829 931 1937 973; x_wconf 85' lang='lat' dir='ltr'><strong>aqua</strong></span> 
     </span>
     <span class='ocr_line' id='line_1_11' title="bbox 193 987 1936 1048; baseline 0.003 -20"><span class='ocrx_word' id='word_1_103' title='bbox 193 988 196 993; x_wconf 84' lang='lat'>&#39;</span> <span class='ocrx_word' id='word_1_104' title='bbox 225 987 293 1029; x_wconf 94' lang='lat' dir='ltr'><strong>die</strong></span> <span class='ocrx_word' id='word_1_105' title='bbox 322 988 541 1029; x_wconf 88' lang='lat' dir='ltr'><strong>transitum</strong></span> <span class='ocrx_word' id='word_1_106' title='bbox 571 988 707 1030; x_wconf 89' lang='lat' dir='ltr'><strong>Lunae</strong></span> <span class='ocrx_word' id='word_1_107' title='bbox 735 1003 811 1044; x_wconf 91' lang='lat' dir='ltr'><strong>per</strong></span> <span class='ocrx_word' id='word_1_108' title='bbox 836 997 1089 1045; x_wconf 88' lang='lat' dir='ltr'><strong>aequatorem</strong></span> <span class='ocrx_word' id='word_1_109' title='bbox 1109 998 1306 1046; x_wconf 89' lang='lat' dir='ltr'><strong>sequente</strong></span> <span class='ocrx_word' id='word_1_110' title='bbox 1327 999 1502 1048; x_wconf 84' lang='lat' dir='ltr'><strong>stagnat,</strong></span> <span class='ocrx_word' id='word_1_111' title='bbox 1525 991 1622 1032; x_wconf 92' lang='lat' dir='ltr'><strong>dein</strong></span> <span class='ocrx_word' id='word_1_112' title='bbox 1643 990 1766 1033; x_wconf 63' lang='lat' dir='ltr'><strong>Luna</strong></span> <span class='ocrx_word' id='word_1_113' title='bbox 1787 990 1842 1032; x_wconf 86' lang='lat' dir='ltr'><strong>ad</strong></span> <span class='ocrx_word' id='word_1_114' title='bbox 1859 991 1936 1033; x_wconf 94' lang='lat' dir='ltr'><strong>bo-</strong></span> 
     </span>
     <span class='ocr_line' id='line_1_12' title="bbox 224 1062 1962 1118; baseline 0.001 -15"><span class='ocrx_word' id='word_1_115' title='bbox 224 1077 338 1103; x_wconf 89' lang='lat' dir='ltr'><strong>ream</strong></span> <span class='ocrx_word' id='word_1_116' title='bbox 358 1062 589 1104; x_wconf 88' lang='lat' dir='ltr'><strong>declinante</strong></span> <span class='ocrx_word' id='word_1_117' title='bbox 609 1062 753 1118; x_wconf 91' lang='lat' dir='ltr'><strong>incipit</strong></span> <span class='ocrx_word' id='word_1_118' title='bbox 771 1063 900 1104; x_wconf 89' lang='lat' dir='ltr'><strong>fluere</strong></span> <span class='ocrx_word' id='word_1_119' title='bbox 921 1071 962 1104; x_wconf 90' lang='lat' dir='ltr'><strong>et</strong></span> <span class='ocrx_word' id='word_1_120' title='bbox 980 1064 1171 1114; x_wconf 88' lang='lat' dir='ltr'><strong>refluere,</strong></span> <span class='ocrx_word' id='word_1_121' title='bbox 1193 1077 1279 1104; x_wconf 92' lang='lat' dir='ltr'><strong>non</strong></span> <span class='ocrx_word' id='word_1_122' title='bbox 1298 1064 1375 1114; x_wconf 90' lang='lat' dir='ltr'><strong>bis,</strong></span> <span class='ocrx_word' id='word_1_123' title='bbox 1397 1072 1445 1105; x_wconf 89' lang='lat' dir='ltr'><strong>ut</strong></span> <span class='ocrx_word' id='word_1_124' title='bbox 1462 1064 1507 1104; x_wconf 94' lang='lat' dir='ltr'><strong>in</strong></span> <span class='ocrx_word' id='word_1_125' title='bbox 1521 1064 1610 1104; x_wconf 89' lang='lat' dir='ltr'><strong>aliis</strong></span> <span class='ocrx_word' id='word_1_126' title='bbox 1628 1063 1845 1118; x_wconf 89' lang='lat' dir='ltr'><strong>portubus,</strong></span> <span class='ocrx_word' id='word_1_127' title='bbox 1863 1063 1937 1104; x_wconf 90' lang='lat' dir='ltr'><strong>sed</strong></span> <span class='ocrx_word' id='word_1_128' title='bbox 1956 1107 1962 1111; x_wconf 65' lang='grc'>,</span> 
     </span>
     <span class='ocr_line' id='line_1_13' title="bbox 225 1135 1936 1191; baseline 0.001 -16"><span class='ocrx_word' id='word_1_129' title='bbox 225 1135 351 1176; x_wconf 88' lang='lat' dir='ltr'><strong>semel</strong></span> <span class='ocrx_word' id='word_1_130' title='bbox 372 1135 543 1191; x_wconf 89' lang='lat' dir='ltr'><strong>singulis</strong></span> <span class='ocrx_word' id='word_1_131' title='bbox 564 1135 732 1184; x_wconf 84' lang='lat' dir='ltr'><strong>diebus3</strong></span> <span class='ocrx_word' id='word_1_132' title='bbox 765 1144 806 1177; x_wconf 93' lang='lat' dir='ltr'><strong>et</strong></span> <span class='ocrx_word' id='word_1_133' title='bbox 825 1144 948 1177; x_wconf 83' lang='lat' dir='ltr'><strong>aestus</strong></span> <span class='ocrx_word' id='word_1_134' title='bbox 969 1136 1114 1177; x_wconf 88' lang='lat' dir='ltr'><strong>incidit</strong></span> <span class='ocrx_word' id='word_1_135' title='bbox 1133 1137 1177 1177; x_wconf 92' lang='lat' dir='ltr'><strong>in</strong></span> <span class='ocrx_word' id='word_1_136' title='bbox 1197 1151 1391 1178; x_wconf 90' lang='lat' dir='ltr'><strong>occasum</strong></span> <span class='ocrx_word' id='word_1_137' title='bbox 1412 1137 1560 1187; x_wconf 83' lang='lat' dir='ltr'><strong>Lunae,</strong></span> <span class='ocrx_word' id='word_1_138' title='bbox 1593 1136 1784 1178; x_wconf 84' lang='lat' dir='ltr'><strong>defluxus</strong></span> <span class='ocrx_word' id='word_1_139' title='bbox 1803 1135 1936 1177; x_wconf 84' lang='lat' dir='ltr'><strong>maxi-</strong></span> 
     </span>
     <span class='ocr_line' id='line_1_14' title="bbox 224 1207 1936 1267; baseline 0.002 -20"><span class='ocrx_word' id='word_1_140' title='bbox 224 1222 315 1248; x_wconf 93' lang='lat' dir='ltr'><strong>mus</strong></span> <span class='ocrx_word' id='word_1_141' title='bbox 345 1207 388 1248; x_wconf 90' lang='lat' dir='ltr'><strong>in</strong></span> <span class='ocrx_word' id='word_1_142' title='bbox 417 1215 567 1248; x_wconf 90' lang='lat' dir='ltr'><strong>ortum.</strong></span> <span class='ocrx_word' id='word_1_143' title='bbox 603 1226 608 1231; x_wconf 93' lang='lat'>·</span> <span class='ocrx_word' id='word_1_144' title='bbox 644 1208 753 1249; x_wconf 90' lang='lat' dir='ltr'><strong>Cum</strong></span> <span class='ocrx_word' id='word_1_145' title='bbox 782 1208 918 1249; x_wconf 90' lang='lat' dir='ltr'><strong>Lunae</strong></span> <span class='ocrx_word' id='word_1_146' title='bbox 945 1209 1221 1251; x_wconf 87' lang='lat' dir='ltr'><strong>declinatione</strong></span> <span class='ocrx_word' id='word_1_147' title='bbox 1250 1218 1426 1267; x_wconf 87' lang='lat' dir='ltr'><strong>augetur</strong></span> <span class='ocrx_word' id='word_1_148' title='bbox 1454 1210 1523 1251; x_wconf 92' lang='lat' dir='ltr'><strong>hic</strong></span> <span class='ocrx_word' id='word_1_149' title='bbox 1554 1218 1690 1260; x_wconf 91' lang='lat' dir='ltr'><strong>aestus,</strong></span> <span class='ocrx_word' id='word_1_150' title='bbox 1722 1225 1853 1266; x_wconf 90' lang='lat' dir='ltr'><strong>usque</strong></span> <span class='ocrx_word' id='word_1_151' title='bbox 1883 1209 1936 1251; x_wconf 90' lang='lat' dir='ltr'><strong>ad</strong></span> 
     </span>
     <span class='ocr_line' id='line_1_15' title="bbox 224 1279 1936 1339; baseline 0.002 -20"><span class='ocrx_word' id='word_1_152' title='bbox 224 1279 334 1320; x_wconf 91' lang='lat' dir='ltr'><strong>diem</strong></span> <span class='ocrx_word' id='word_1_153' title='bbox 364 1279 581 1334; x_wconf 86' lang='lat' dir='ltr'><strong>septimam</strong></span> <span class='ocrx_word' id='word_1_154' title='bbox 608 1280 675 1320; x_wconf 88' lang='lat' dir='ltr'><strong>vel</strong></span> <span class='ocrx_word' id='word_1_155' title='bbox 694 1288 894 1330; x_wconf 86' lang='lat' dir='ltr'><strong>octavam,</strong></span> <span class='ocrx_word' id='word_1_156' title='bbox 926 1280 1023 1321; x_wconf 91' lang='lat' dir='ltr'><strong>dein</strong></span> <span class='ocrx_word' id='word_1_157' title='bbox 1051 1296 1128 1336; x_wconf 86' lang='lat' dir='ltr'><strong>per</strong></span> <span class='ocrx_word' id='word_1_158' title='bbox 1158 1282 1262 1323; x_wconf 92' lang='lat' dir='ltr'><strong>alios</strong></span> <span class='ocrx_word' id='word_1_159' title='bbox 1284 1289 1442 1336; x_wconf 88' lang='lat' dir='ltr'><strong>septem</strong></span> <span class='ocrx_word' id='word_1_160' title='bbox 1462 1282 1550 1323; x_wconf 92' lang='lat' dir='ltr'><strong>dies</strong></span> <span class='ocrx_word' id='word_1_161' title='bbox 1570 1282 1718 1323; x_wconf 90' lang='lat' dir='ltr'><strong>iisdem</strong></span> <span class='ocrx_word' id='word_1_162' title='bbox 1737 1282 1936 1339; x_wconf 87' lang='lat' dir='ltr'><strong>gradibus</strong></span> 
     </span>
     <span class='ocr_line' id='line_1_16' title="bbox 223 1348 1935 1405; baseline 0.002 -16"><span class='ocrx_word' id='word_1_163' title='bbox 223 1348 435 1399; x_wconf 88' lang='lat' dir='ltr'><strong>decrescit,</strong></span> <span class='ocrx_word' id='word_1_164' title='bbox 467 1350 615 1405; x_wconf 88' lang='lat' dir='ltr'><strong>quibus</strong></span> <span class='ocrx_word' id='word_1_165' title='bbox 645 1358 767 1391; x_wconf 89' lang='lat' dir='ltr'><strong>antea</strong></span> <span class='ocrx_word' id='word_1_166' title='bbox 795 1358 1002 1400; x_wconf 78' lang='lat' dir='ltr'><strong>creverat3</strong></span> <span class='ocrx_word' id='word_1_167' title='bbox 1033 1359 1075 1391; x_wconf 93' lang='lat' dir='ltr'><strong>et</strong></span> <span class='ocrx_word' id='word_1_168' title='bbox 1102 1351 1225 1393; x_wconf 66' lang='lat' dir='ltr'><strong>Luna</strong></span> <span class='ocrx_word' id='word_1_169' title='bbox 1246 1351 1563 1393; x_wconf 89' lang='lat' dir='ltr'><strong>declinationem</strong></span> <span class='ocrx_word' id='word_1_170' title='bbox 1582 1359 1769 1393; x_wconf 86' lang='lat' dir='ltr'><strong>mutante</strong></span> <span class='ocrx_word' id='word_1_171' title='bbox 1790 1360 1935 1403; x_wconf 90' lang='lat' dir='ltr'><strong>cessat,</strong></span> 
     </span>
     <span class='ocr_line' id='line_1_17' title="bbox 223 1420 1936 1464; baseline 0.002 -4"><span class='ocrx_word' id='word_1_172' title='bbox 223 1435 272 1461; x_wconf 87' lang='lat' dir='ltr'><strong>ac</strong></span> <span class='ocrx_word' id='word_1_173' title='bbox 291 1435 391 1461; x_wconf 86' lang='lat' dir='ltr'><strong>mox</strong></span> <span class='ocrx_word' id='word_1_174' title='bbox 410 1428 592 1461; x_wconf 90' lang='lat' dir='ltr'><strong>mutatur</strong></span> <span class='ocrx_word' id='word_1_175' title='bbox 611 1420 655 1461; x_wconf 92' lang='lat' dir='ltr'><strong>in</strong></span> <span class='ocrx_word' id='word_1_176' title='bbox 674 1420 901 1462; x_wconf 85' lang='lat' dir='ltr'><strong>defluxum.</strong></span> <span class='ocrx_word' id='word_1_177' title='bbox 963 1420 1118 1463; x_wconf 88' lang='lat' dir='ltr'><strong>Incidit</strong></span> <span class='ocrx_word' id='word_1_178' title='bbox 1141 1422 1252 1462; x_wconf 92' lang='lat' dir='ltr'><strong>enim</strong></span> <span class='ocrx_word' id='word_1_179' title='bbox 1273 1422 1448 1463; x_wconf 90' lang='lat' dir='ltr'><strong>subinde</strong></span> <span class='ocrx_word' id='word_1_180' title='bbox 1468 1422 1659 1463; x_wconf 87' lang='lat' dir='ltr'><strong>defluxus</strong></span> <span class='ocrx_word' id='word_1_181' title='bbox 1679 1422 1723 1462; x_wconf 93' lang='lat' dir='ltr'><strong>in</strong></span> <span class='ocrx_word' id='word_1_182' title='bbox 1743 1437 1936 1464; x_wconf 90' lang='lat' dir='ltr'><strong>occasum</strong></span> 
     </span>
     <span class='ocr_line' id='line_1_18' title="bbox 224 1491 1934 1541; baseline 0.001 -8"><span class='ocrx_word' id='word_1_183' title='bbox 224 1491 360 1533; x_wconf 86' lang='lat' dir='ltr'><strong>Lunae</strong></span> <span class='ocrx_word' id='word_1_184' title='bbox 394 1499 436 1533; x_wconf 91' lang='lat' dir='ltr'><strong>et</strong></span> <span class='ocrx_word' id='word_1_185' title='bbox 469 1491 645 1532; x_wconf 84' lang='lat' dir='ltr'><strong>affluxus</strong></span> <span class='ocrx_word' id='word_1_186' title='bbox 678 1491 723 1532; x_wconf 92' lang='lat' dir='ltr'><strong>in</strong></span> <span class='ocrx_word' id='word_1_187' title='bbox 755 1499 905 1541; x_wconf 86' lang='lat' dir='ltr'><strong>ortum,</strong></span> <span class='ocrx_word' id='word_1_188' title='bbox 939 1491 1072 1533; x_wconf 88' lang='lat' dir='ltr'><strong>donec</strong></span> <span class='ocrx_word' id='word_1_189' title='bbox 1104 1491 1228 1533; x_wconf 90' lang='lat' dir='ltr'><strong>Luna</strong></span> <span class='ocrx_word' id='word_1_190' title='bbox 1262 1492 1414 1533; x_wconf 85' lang='lat' dir='ltr'><strong>iterum</strong></span> <span class='ocrx_word' id='word_1_191' title='bbox 1442 1499 1575 1533; x_wconf 86' lang='lat' dir='ltr'><strong>mutet</strong></span> <span class='ocrx_word' id='word_1_192' title='bbox 1601 1491 1934 1535; x_wconf 88' lang='lat' dir='ltr'><strong>declinationem.</strong></span> 
     </span>
     <span class='ocr_line' id='line_1_19' title="bbox 224 1563 1937 1620; baseline 0.001 -15"><span class='ocrx_word' id='word_1_193' title='bbox 224 1563 376 1605; x_wconf 92' lang='lat' dir='ltr'><strong>Aditus</strong></span> <span class='ocrx_word' id='word_1_194' title='bbox 411 1563 465 1604; x_wconf 90' lang='lat' dir='ltr'><strong>ad</strong></span> <span class='ocrx_word' id='word_1_195' title='bbox 493 1563 606 1604; x_wconf 91' lang='lat' dir='ltr'><strong>hunc</strong></span> <span class='ocrx_word' id='word_1_196' title='bbox 633 1572 803 1619; x_wconf 92' lang='lat' dir='ltr'><strong>portum</strong></span> <span class='ocrx_word' id='word_1_197' title='bbox 830 1563 1017 1620; x_wconf 88' lang='lat' dir='ltr'><strong>fretaque</strong></span> <span class='ocrx_word' id='word_1_198' title='bbox 1045 1564 1178 1605; x_wconf 88' lang='lat' dir='ltr'><strong>vicina</strong></span> <span class='ocrx_word' id='word_1_199' title='bbox 1207 1564 1364 1619; x_wconf 87' lang='lat' dir='ltr'><strong>duplex</strong></span> <span class='ocrx_word' id='word_1_200' title='bbox 1395 1573 1522 1620; x_wconf 89' lang='lat' dir='ltr'><strong>patet,</strong></span> <span class='ocrx_word' id='word_1_201' title='bbox 1563 1565 1668 1606; x_wconf 86' lang='lat' dir='ltr'><strong>alter</strong></span> <span class='ocrx_word' id='word_1_202' title='bbox 1697 1566 1751 1607; x_wconf 89' lang='lat' dir='ltr'><strong>ab</strong></span> <span class='ocrx_word' id='word_1_203' title='bbox 1780 1581 1937 1607; x_wconf 84' lang='lat' dir='ltr'><strong>oceano</strong></span> 
     </span>
     <span class='ocr_line' id='line_1_20' title="bbox 229 1638 1938 1688; baseline 0.001 -9"><span class='ocrx_word' id='word_1_204' title='bbox 229 1639 391 1680; x_wconf 90' lang='lat' dir='ltr'><strong>Sinensi</strong></span> <span class='ocrx_word' id='word_1_205' title='bbox 402 1638 516 1679; x_wconf 68' lang='lat' dir='ltr'><strong>‘inter</strong></span> <span class='ocrx_word' id='word_1_206' title='bbox 538 1638 830 1679; x_wconf 88' lang='lat' dir='ltr'><strong>Continentem</strong></span> <span class='ocrx_word' id='word_1_207' title='bbox 851 1645 892 1679; x_wconf 88' lang='lat' dir='ltr'><strong>et</strong></span> <span class='ocrx_word' id='word_1_208' title='bbox 912 1638 1089 1679; x_wconf 90' lang='lat' dir='ltr'><strong>insulam</strong></span> <span class='ocrx_word' id='word_1_209' title='bbox 1102 1638 1346 1688; x_wconf 90' lang='lat' dir='ltr'><strong>Luconiam‚</strong></span> <span class='ocrx_word' id='word_1_210' title='bbox 1363 1638 1467 1679; x_wconf 90' lang='lat' dir='ltr'><strong>alter</strong></span> <span class='ocrx_word' id='word_1_211' title='bbox 1488 1654 1513 1679; x_wconf 90' lang='lat' dir='ltr'><strong>a</strong></span> <span class='ocrx_word' id='word_1_212' title='bbox 1536 1638 1641 1679; x_wconf 89' lang='lat' dir='ltr'><strong>mari</strong></span> <span class='ocrx_word' id='word_1_213' title='bbox 1663 1638 1811 1679; x_wconf 92' lang='lat' dir='ltr'><strong>Indico</strong></span> <span class='ocrx_word' id='word_1_214' title='bbox 1830 1639 1938 1680; x_wconf 89' lang='lat' dir='ltr'><strong>inter</strong></span> 
     </span>
     <span class='ocr_line' id='line_1_21' title="bbox 228 1708 1938 1764; baseline 0 -12"><span class='ocrx_word' id='word_1_215' title='bbox 228 1710 521 1752; x_wconf 88' lang='lat' dir='ltr'><strong>Continentem</strong></span> <span class='ocrx_word' id='word_1_216' title='bbox 541 1716 583 1750; x_wconf 89' lang='lat' dir='ltr'><strong>et</strong></span> <span class='ocrx_word' id='word_1_217' title='bbox 611 1708 787 1749; x_wconf 89' lang='lat' dir='ltr'><strong>insulam</strong></span> <span class='ocrx_word' id='word_1_218' title='bbox 809 1709 989 1751; x_wconf 91' lang='lat' dir='ltr'><strong>Borneo.</strong></span> <span class='ocrx_word' id='word_1_219' title='bbox 1055 1710 1125 1750; x_wconf 91' lang='lat' dir='ltr'><strong>An</strong></span> <span class='ocrx_word' id='word_1_220' title='bbox 1150 1717 1274 1751; x_wconf 88' lang='lat' dir='ltr'><strong>aestus</strong></span> <span class='ocrx_word' id='word_1_221' title='bbox 1295 1710 1428 1764; x_wconf 90' lang='lat' dir='ltr'><strong>spatio</strong></span> <span class='ocrx_word' id='word_1_222' title='bbox 1452 1709 1651 1751; x_wconf 89' lang='lat' dir='ltr'><strong>horarum</strong></span> <span class='ocrx_word' id='word_1_223' title='bbox 1671 1710 1892 1752; x_wconf 91' lang='lat' dir='ltr'><strong>duodecim</strong></span> <span class='ocrx_word' id='word_1_224' title='bbox 1913 1727 1938 1753; x_wconf 87' lang='lat' dir='ltr'><strong>a</strong></span> 
     </span>
     <span class='ocr_line' id='line_1_22' title="bbox 226 1775 1933 1836; baseline 0.001 -13"><span class='ocrx_word' id='word_1_225' title='bbox 226 1782 330 1823; x_wconf 89' lang='lat' dir='ltr'><strong>mari</strong></span> <span class='ocrx_word' id='word_1_226' title='bbox 352 1781 512 1831; x_wconf 88' lang='lat' dir='ltr'><strong>Indico,</strong></span> <span class='ocrx_word' id='word_1_227' title='bbox 535 1787 575 1821; x_wconf 90' lang='lat' dir='ltr'><strong>et</strong></span> <span class='ocrx_word' id='word_1_228' title='bbox 595 1775 727 1835; x_wconf 86' lang='lat' dir='ltr'><strong>spatio</strong></span> <span class='ocrx_word' id='word_1_229' title='bbox 746 1780 943 1821; x_wconf 89' lang='lat' dir='ltr'><strong>horarum</strong></span> <span class='ocrx_word' id='word_1_230' title='bbox 965 1795 1038 1821; x_wconf 85' lang='lat' dir='ltr'><strong>sex</strong></span> <span class='ocrx_word' id='word_1_231' title='bbox 1059 1796 1084 1821; x_wconf 93' lang='lat' dir='ltr'><strong>a</strong></span> <span class='ocrx_word' id='word_1_232' title='bbox 1103 1781 1208 1822; x_wconf 85' lang='lat' dir='ltr'><strong>mari</strong></span> <span class='ocrx_word' id='word_1_233' title='bbox 1232 1781 1395 1823; x_wconf 90' lang='lat' dir='ltr'><strong>Sinensi</strong></span> <span class='ocrx_word' id='word_1_234' title='bbox 1413 1796 1489 1836; x_wconf 90' lang='lat' dir='ltr'><strong>per</strong></span> <span class='ocrx_word' id='word_1_235' title='bbox 1503 1781 1609 1822; x_wconf 87' lang='lat' dir='ltr'><strong>freta</strong></span> <span class='ocrx_word' id='word_1_236' title='bbox 1627 1781 1698 1823; x_wconf 91' lang='lat' dir='ltr'><strong>illa</strong></span> <span class='ocrx_word' id='word_1_237' title='bbox 1712 1783 1933 1834; x_wconf 87' lang='lat' dir='ltr'><strong>venientes,</strong></span> 
     </span>
     <span class='ocr_line' id='line_1_23' title="bbox 228 1852 1936 1910; baseline 0 -14"><span class='ocrx_word' id='word_1_238' title='bbox 228 1862 271 1896; x_wconf 88' lang='lat' dir='ltr'><strong>et</strong></span> <span class='ocrx_word' id='word_1_239' title='bbox 300 1854 358 1896; x_wconf 89' lang='lat' dir='ltr'><strong>sic</strong></span> <span class='ocrx_word' id='word_1_240' title='bbox 386 1853 430 1894; x_wconf 91' lang='lat' dir='ltr'><strong>in</strong></span> <span class='ocrx_word' id='word_1_241' title='bbox 460 1852 607 1893; x_wconf 88' lang='lat' dir='ltr'><strong>horam</strong></span> <span class='ocrx_word' id='word_1_242' title='bbox 625 1852 789 1899; x_wconf 84' lang='lat' dir='ltr'><strong>tertiam</strong></span> <span class='ocrx_word' id='word_1_243' title='bbox 809 1861 850 1893; x_wconf 92' lang='lat' dir='ltr'><strong>et</strong></span> <span class='ocrx_word' id='word_1_244' title='bbox 868 1867 1021 1893; x_wconf 86' lang='lat' dir='ltr'><strong>nonam</strong></span> <span class='ocrx_word' id='word_1_245' title='bbox 1039 1852 1228 1893; x_wconf 91' lang='lat' dir='ltr'><strong>lunarem</strong></span> <span class='ocrx_word' id='word_1_246' title='bbox 1247 1852 1488 1903; x_wconf 90' lang='lat' dir='ltr'><strong>incidentes,</strong></span> <span class='ocrx_word' id='word_1_247' title='bbox 1520 1861 1772 1907; x_wconf 87' lang='lat' dir='ltr'><strong>componant</strong></span> <span class='ocrx_word' id='word_1_248' title='bbox 1790 1853 1936 1910; x_wconf 88' lang='lat' dir='ltr'><strong>hujus·</strong></span> 
     </span>
     <span class='ocr_line' id='line_1_24' title="bbox 228 1925 1935 1977; baseline -0.001 -6"><span class='ocrx_word' id='word_1_249' title='bbox 228 1930 342 1971; x_wconf 92' lang='lat' dir='ltr'><strong>modi</strong></span> <span class='ocrx_word' id='word_1_250' title='bbox 372 1935 509 1969; x_wconf 90' lang='lat' dir='ltr'><strong>motus</strong></span> <span class='ocrx_word' id='word_1_251' title='bbox 521 1943 533 1977; x_wconf 85' lang='lat'>3</span> <span class='ocrx_word' id='word_1_252' title='bbox 564 1927 670 1967; x_wconf 90' lang='lat' dir='ltr'><strong>sitne</strong></span> <span class='ocrx_word' id='word_1_253' title='bbox 696 1926 776 1967; x_wconf 89' lang='lat' dir='ltr'><strong>alia</strong></span> <span class='ocrx_word' id='word_1_254' title='bbox 800 1925 973 1967; x_wconf 86' lang='lat' dir='ltr'><strong>marium</strong></span> <span class='ocrx_word' id='word_1_255' title='bbox 996 1925 1162 1966; x_wconf 91' lang='lat' dir='ltr'><strong>illorum</strong></span> <span class='ocrx_word' id='word_1_256' title='bbox 1183 1925 1378 1976; x_wconf 88' lang='lat' dir='ltr'><strong>conditio,</strong></span> <span class='ocrx_word' id='word_1_257' title='bbox 1402 1925 1755 1968; x_wconf 84' lang='lat' dir='ltr'><strong>observationibus</strong></span> <span class='ocrx_word' id='word_1_258' title='bbox 1775 1925 1935 1969; x_wconf 90' lang='lat' dir='ltr'><strong>vicino-</strong></span> 
     </span>
     <span class='ocr_line' id='line_1_25' title="bbox 229 1997 1135 2053; baseline -0.007 -10"><span class='ocrx_word' id='word_1_259' title='bbox 229 2017 323 2043; x_wconf 86' lang='lat' dir='ltr'><strong>rum</strong></span> <span class='ocrx_word' id='word_1_260' title='bbox 342 2001 529 2041; x_wconf 90' lang='lat' dir='ltr'><strong>littorum</strong></span> <span class='ocrx_word' id='word_1_261' title='bbox 549 1998 908 2040; x_wconf 86' lang='lat' dir='ltr'><strong>determinandum</strong></span> <span class='ocrx_word' id='word_1_262' title='bbox 934 1997 1135 2053; x_wconf 89' lang='lat' dir='ltr'><strong>relinquo.</strong></span> 
     </span>
    </p>

    <p class='ocr_par' dir='ltr' id='par_1_3' title="bbox 228 2070 1932 2199">
     <span class='ocr_line' id='line_1_26' title="bbox 290 2070 1932 2128; baseline -0.001 -13"><span class='ocrx_word' id='word_1_263' title='bbox 290 2074 509 2115; x_wconf 84' lang='lat' dir='ltr'><strong>Hactenus</strong></span> <span class='ocrx_word' id='word_1_264' title='bbox 539 2086 682 2112; x_wconf 87' lang='lat' dir='ltr'><strong>causas</strong></span> <span class='ocrx_word' id='word_1_265' title='bbox 710 2079 899 2112; x_wconf 89' lang='lat' dir='ltr'><strong>motuum</strong></span> <span class='ocrx_word' id='word_1_266' title='bbox 929 2070 1064 2112; x_wconf 89' lang='lat' dir='ltr'><strong>Lunae</strong></span> <span class='ocrx_word' id='word_1_267' title='bbox 1093 2077 1135 2111; x_wconf 89' lang='lat' dir='ltr'><strong>et</strong></span> <span class='ocrx_word' id='word_1_268' title='bbox 1163 2070 1339 2112; x_wconf 89' lang='lat' dir='ltr'><strong>marium</strong></span> <span class='ocrx_word' id='word_1_269' title='bbox 1368 2070 1543 2112; x_wconf 90' lang='lat' dir='ltr'><strong>reddidi.</strong></span> <span class='ocrx_word' id='word_1_270' title='bbox 1602 2071 1673 2113; x_wconf 91' lang='lat' dir='ltr'><strong>De</strong></span> <span class='ocrx_word' id='word_1_271' title='bbox 1706 2070 1932 2128; x_wconf 74' lang='lat' dir='ltr'><strong>quantitate</strong></span> 
     </span>
     <span class='ocr_line' id='line_1_27' title="bbox 228 2140 1165 2199; baseline -0.004 -15"><span class='ocrx_word' id='word_1_272' title='bbox 228 2153 415 2186; x_wconf 83' lang='lat' dir='ltr'><strong>motuum</strong></span> <span class='ocrx_word' id='word_1_273' title='bbox 430 2144 519 2199; x_wconf 82' lang='lat' dir='ltr'><strong>jam</strong></span> <span class='ocrx_word' id='word_1_274' title='bbox 539 2141 730 2184; x_wconf 87' lang='lat' dir='ltr'><strong>convenit</strong></span> <span class='ocrx_word' id='word_1_275' title='bbox 749 2140 886 2198; x_wconf 86' lang='lat' dir='ltr'><strong>aliqua</strong></span> <span class='ocrx_word' id='word_1_276' title='bbox 905 2140 1165 2197; x_wconf 89' lang='lat' dir='ltr'><strong>subjungere.</strong></span> 
     </span>
    </p>
   </div>
  </div>
 </body>
</html>
