2092 3470
123 198 272 241 Lmen
293 198 533 250 Tannus]
578 194 917 240 *VPRINCIPIA
946 196 1043 239 MA
1053 197 1439 242 rHEMATICA.
1776 202 1831 244 7⁷

169 312 304 385 Faffffiffl
326 312 421 354 paulo
444 311 554 344 evadet
576 310 724 348 calculus,
746 311 774 342 si
798 310 867 342 loco
887 321 1018 343 summae
1037 310 1172 342 laterum
1196 310 1224 342 P
1240 311 1280 342 M
1296 311 1340 353 -l-
1358 313 1388 343 P
1407 313 1450 349 N,
1472 312 1655 344 adhibeatur
1677 312 1832 354 qumtitas

126 455 254 481 tenores
266 454 507 490 consequennaS.

169 505 246 538 Dixi
260 515 298 536 ex
311 505 360 536 his
373 505 454 536 viam
469 505 563 537 sterni
577 505 617 537 ad
631 505 918 537 determinationem
933 514 1037 535 curvae
1050 513 1146 544 quam
1159 503 1283 534 affectat
1296 503 1486 535 meridianus
1498 504 1651 542 Telluris;
1665 516 1737 536 nam
1752 506 1778 536 si
1793 516 1833 538 ex

126 547 300 590 aequatione
312 548 448 588 generali
462 559 484 588 y
496 561 543 578 =
560 549 592 579 A
605 559 627 579 x
642 549 659 564 ¹¹
674 549 718 591 -Ι-
738 549 767 580 Β
776 558 797 578 x
810 549 826 567 ²
836 548 852 563 “
865 548 907 590 -Ι-
925 547 951 578 C
961 556 982 576 x
992 548 1008 569 ³
1020 546 1045 582 ¹,
1061 547 1117 576 ἃο.
1134 552 1166 577 et
1179 556 1217 576 ex
1232 546 1310 578 serie
1323 545 1449 577 inventii
1463 547 1682 578 determinetur
1695 549 1835 580 attractio

129 590 236 631 puncti
254 590 283 621 P
304 601 323 621 a
343 591 453 631 quovis
467 591 592 629 circulo,
615 597 647 622 et
666 592 804 632 erigatur
817 591 850 620 in
865 597 982 630 puncto
995 589 1071 626 axiS,
1085 588 1170 629 quod
1184 589 1251 629 ejus
1265 589 1373 627 circuli
1386 596 1432 620 cst
1445 597 1597 626 centrum,
1613 590 1751 621 ordinata
1764 602 1834 631 quae

125 634 193 675 ejus
205 632 313 664 circuli
327 633 540 664 attractionem
554 640 760 673 repraesentet,
777 639 808 664 et
820 632 1012 672 intelligatur
1026 641 1120 661 curva
1133 641 1187 670 per
1198 641 1302 661 earum
1315 632 1524 662 ordinatarum
1537 631 1663 662 vertices
1673 634 1833 670 transiens,

124 682 282 717 quaeratur
295 675 362 716 ejus
376 686 478 706 curvae
491 686 562 707 area
575 686 630 716 per
642 676 785 717 vulgatas
797 676 968 710 methodos
982 673 1204 713 habebiturque
1218 674 1352 714 gravitas
1366 675 1474 714 puncti
1492 676 1566 706 Pein
1581 674 1735 712 solidum3
1750 685 1834 714 quae-

124 724 210 749 ntur
229 723 376 758 praeterea
396 725 548 757 punctum
568 728 660 750 axeos
683 719 714 749 Y
734 719 768 748 in
789 727 853 758 quo
873 717 899 747 si
919 717 1089 758 erigeretur
1109 716 1251 746 ordinata
1268 716 1314 746 illi
1329 726 1434 747 curvae
1446 727 1519 758 quae
1532 717 1713 758 gravitatem
1728 718 1835 756 puncti

124 760 157 834 g
170 759 321 800 exprimit,
337 761 405 802 ejus
418 771 520 792 curvae
533 772 604 794 area
618 761 759 793 bifariam
773 759 971 797 divideretur,
986 758 1045 789 erit
1061 758 1092 789 Y
1106 764 1258 798 punctum
1272 769 1364 790 axeos
1377 761 1417 791 ad
1431 760 1517 801 quod
1530 761 1669 791 attractio
1683 761 1790 800 puncti
1809 760 1837 790 P

148 803 285 844 'rigetur-

169 860 289 891 Pariter
302 870 340 891 ex
355 860 528 902 aequatione
542 861 678 904 generali
692 871 794 892 curvae
808 859 970 891 habebitur
982 864 1135 899 punctum
1147 869 1239 890 areos
1251 859 1277 890 Z
1287 860 1328 891 nd

123 903 207 944 quod
222 903 376 943 pertinget
392 905 648 943 perpendiculum
662 905 696 934 in
711 913 813 934 curvae
826 909 980 942 punctum
994 902 1033 938 P,
1047 902 1243 932 habebuntur
1253 913 1328 943 ergo

122 946 284 976 intervalla
309 946 334 976 Z
353 946 383 976 Y
403 954 435 977 et
458 947 488 977 Y
506 948 548 983 Q,
570 957 609 978 ex
633 947 658 977 Z
678 946 810 977 ducatur
825 945 851 975 Z
868 945 898 975 V
913 944 1060 984 parallela
1077 944 1104 974 P
1121 945 1238 985 Qquae
1251 955 1326 976 oon-

122 994 226 1019 currat
239 998 312 1018 cum
330 988 358 1019 P
375 989 405 1020 Y
418 989 569 1028 producta
583 990 616 1019 in
633 989 674 1026 V,
691 988 880 1028 producatur
897 987 926 1017 P
943 987 976 1023 Q
988 988 1022 1017 in
1039 987 1067 1017 F
1080 993 1118 1017 ut
1130 987 1186 1018 fiat
1203 988 1230 1017 P
1245 988 1326 1018 F=

125 1031 151 1061 Z
164 1031 205 1066 V,
222 1031 414 1071 ducaturque
431 1031 458 1062 F
473 1032 510 1069 Z,
526 1031 673 1073 quoniam
687 1041 781 1062 curva
796 1030 876 1061 circa
889 1039 978 1060 axem
993 1028 1168 1067 revolvitur,
1188 1029 1216 1060 P
1230 1029 1257 1060 F
1270 1030 1329 1061 erit

123 1073 250 1104 directio
271 1074 317 1103 vis
337 1073 523 1115 centrifugae
543 1074 664 1115 agentis
684 1074 717 1104 in
738 1079 856 1113 puncto
874 1073 911 1109 P,
930 1073 958 1103 P
974 1072 1006 1102 V
1020 1071 1147 1102 directio
1160 1072 1328 1113 gravitatis,

125 1116 155 1148 P
171 1116 197 1146 Z
218 1114 291 1146 vero
304 1125 406 1146 curvae
419 1116 680 1156 perpendicularis
693 1115 752 1147 erit
765 1115 894 1146 directio
913 1115 1015 1145 media
1029 1121 1102 1144 nata
1115 1124 1152 1145 ex
1169 1115 1330 1156 utriusque

121 1158 167 1189 vis
188 1158 408 1198 compositione
430 1160 481 1200 (ut
501 1165 620 1190 constat
636 1158 719 1189 facto
733 1157 806 1189 cum
821 1164 931 1198 agatur
944 1157 985 1190 de
1001 1157 1128 1187 Tellure
1141 1157 1244 1197 ipsa„
1267 1158 1322 1188 sed

120 1201 360 1242 qui-habentur
375 1201 451 1236 ZY,
470 1202 501 1233 Y
515 1203 558 1238 Q.
576 1202 605 1232 P
619 1202 696 1238 Qet
713 1201 741 1232 P
757 1196 787 1232 Y
801 1201 997 1231 habebuntur
1013 1200 1038 1229 Z
1053 1199 1126 1230 Vet
1147 1200 1226 1237 VY,
1242 1198 1330 1231 ideo-

121 1254 183 1285 que
202 1243 365 1274 habebitur
387 1244 420 1275 V
437 1245 474 1282 P,
497 1254 571 1284 ergo
591 1245 788 1275 habebuntur
808 1242 902 1273 latera
923 1249 954 1273 et
976 1242 1148 1282 diagonalis
1166 1242 1329 1282 parallelo-

121 1286 256 1327 grammi
281 1286 307 1317 F
324 1286 352 1316 P
368 1287 399 1317 V
415 1287 441 1317 Z
463 1287 526 1317 sive
539 1287 734 1317 habebuntur
748 1285 881 1316 rationes
894 1286 940 1315 vis
954 1284 1137 1325 centrifugae
1157 1285 1264 1324 puncti
1288 1285 1327 1322 P,
1368 1300 1372 1303 ⁴

120 1329 167 1359 vis
180 1329 247 1370 ejus
259 1328 417 1370 gravitatis
431 1336 463 1360 et
476 1330 522 1359 vis
536 1329 647 1360 mediae
665 1329 692 1359 P
706 1329 731 1358 Z
745 1337 783 1358 ex
798 1326 930 1367 utraque
943 1327 1127 1364 resultantis,
1141 1326 1196 1357 fiat
1208 1337 1284 1368 ergo
1294 1334 1331 1358 ut
1390 1333 1435 1365 Ζ.
1465 1333 1531 1372 {Y
1581 1331 1631 1375 Q,
1737 1335 1792 1375 A

125 1371 154 1402 P
170 1371 199 1402 V
225 1371 266 1402 ad
294 1372 322 1402 P
337 1372 363 1401 Z
387 1372 431 1402 ita
450 1371 583 1413 gravitas
603 1371 712 1410 puncti
737 1370 764 1401 P
778 1380 816 1400 ex
837 1370 1019 1401 attractione
1033 1368 1122 1399 solidi
1145 1375 1218 1400 nata
1232 1377 1263 1400 et
1276 1379 1332 1410 per
1430 1365 1439 1408 ἱ
1450 1369 1470 1404 ἶ

121 1423 237 1498 Q
250 1423 353 1444 curvae
375 1413 502 1445 inventa
524 1414 566 1444 ad
590 1413 750 1444 residuum
774 1412 843 1453 ejus
866 1412 1032 1453 gravitatis,
1058 1410 1186 1452 dempta
1208 1412 1331 1455 vicen·
1389 1406 1455 1454 'Vi‘

177 1467 195 1486 u
241 1478 249 1487 .

166 1514 308 1545 Tandem
321 1514 466 1555 inscripta
479 1514 672 1555 intelligatur
685 1513 719 1544 in
733 1523 827 1545 curva
839 1522 910 1553 quae
921 1512 1077 1553 quaeritur,
1096 1511 1156 1542 alia
1170 1521 1264 1543 curva
1277 1512 1335 1553 ipsi
1349 1509 1482 1544 omnino
1497 1508 1616 1545 similis,
1632 1506 1676 1538 ita
1684 1511 1837 1556 utentum

121 1556 161 1587 sit
175 1556 258 1587 idem
273 1563 426 1595 centrum,
442 1564 473 1588 et
486 1567 559 1588 axes
573 1566 666 1596 supra
678 1566 713 1587 se
725 1554 838 1586 mutuo
848 1557 982 1596 jaceant,
1000 1554 1163 1594 aequatoris
1176 1555 1286 1594 prioris
1296 1566 1399 1586 curvae
1411 1552 1653 1585 semi-diameter
1663 1549 1838 1597 dicatur-m,

121 1604 153 1629 et
166 1598 340 1630 differentia
355 1599 422 1640 ejus
436 1609 455 1630 a
469 1597 712 1630 semi-diametro
725 1597 860 1634 alterius,
875 1607 947 1637 quae
960 1597 1185 1637 quamminima
1198 1598 1315 1629 assumi
1333 1603 1444 1638 potest,
1466 1595 1589 1626 dicatur
1609 1592 1631 1623 d
1644 1602 1688 1630 m,
1710 1593 1841 1622 abscisa

125 1641 152 1672 C
165 1641 199 1677 Q
210 1640 319 1681 prioris
333 1652 436 1672 curvae
450 1642 490 1672 sit
503 1652 530 1679 z,
545 1641 603 1671 erit
617 1641 685 1682 ejus
698 1640 873 1671 differentia
882 1641 921 1671 ab
931 1637 1063 1670 abscissa
1073 1649 1141 1670 cor-

597 1693 614 1713 z
626 1683 646 1713 d
661 1693 693 1712 m

363 380 422 420 ipsi
436 380 649 421 aeqnipollens.
697 379 852 412 Prolixior
865 385 970 411 tamen
984 383 1041 417 aet,
1056 376 1152 420 quam
1166 384 1203 410 ut
1216 377 1309 410 illum
1322 379 1476 419 applicare
1486 381 1722 414 sustinuerimus
1731 380 1771 413 ad
1782 380 1834 413 ul-

707 1706 1141 1748 =Qn=rp;ordina-

121 1709 319 1750 respondenti
338 1710 466 1742 alterius
482 1719 584 1740 curvae
631 1746 665 1766 m

119 1777 198 1851 tadP
211 1778 244 1814 Q
256 1779 296 1809 sit
309 1789 339 1820 y,
355 1778 423 1820 ejus
437 1777 610 1809 differentia
623 1779 662 1809 ab
672 1776 814 1809 ordinati
823 1775 1074 1817 correspondenti
1081 1764 1142 1807 erit

119 1830 141 1860 7
151 1830 212 1903 mm

120 1915 162 1945 tis
175 1925 288 1955 curvae,
311 1915 504 1956 triangulum
524 1921 547 1945 r
562 1925 582 1954 p
597 1922 610 1946 t
624 1915 682 1947 erit
695 1915 796 1947 simile
810 1916 968 1957 triangulo
982 1913 1144 1944 fluxionali

121 1957 156 1987 in
175 1964 294 1997 puncto
315 1965 338 1989 r
359 1958 423 1988 sive
437 1957 531 1988 etiam
544 1958 577 1988 in
593 1965 709 1998 puncto
725 1959 755 1990 P
768 1960 808 1990 ob
822 1958 1143 2029 εἰωίϋιυάἰιὲεᾱωωωτ-

1025 2061 1059 2081 m

120 2101 468 2185 pt=2ddzyxffffiffl
484 2136 559 2168 ergo
576 2128 692 2159 Pt=
710 2128 948 2171 PP÷P¹²=
972 2139 993 2168 5
1010 2127 1054 2168 -Ι-
1072 2100 1210 2183 2ddzy><
1228 2099 1549 2182 {Ymsedsiducamr
1565 2112 1835 2160 Peperpendicu.

120 2196 193 2227 laris
206 2197 245 2228 ad
260 2207 386 2227 curvam
401 2196 436 2226 in
453 2196 482 2227 P
495 2195 554 2226 erit
568 2196 661 2227 etiam
677 2197 791 2237 triang.
813 2196 842 2226 P
856 2210 872 2239 g
887 2202 902 2226 t
921 2195 1023 2226 simile
1043 2195 1156 2235 triang.
1175 2202 1199 2226 r
1213 2204 1234 2234 p
1249 2200 1263 2224 t
1284 2189 1417 2231 ide6que
1431 2189 1543 2228 triang.
1561 2182 1720 2216 fluxionali
1733 2194 1744 2220 ;
1765 2191 1832 2237 mur

120 2241 161 2270 ob
175 2239 411 2270 Simifimdinem
426 2248 601 2275 curvarum,
616 2246 748 2280 tangens
763 2246 785 2269 Γ
799 2244 813 2268 t
827 2247 872 2269 est
886 2238 1034 2277 parallela
1049 2247 1151 2268 curvoe
1167 2237 1199 2267 in
1214 2237 1242 2267 P
1253 2247 1264 2274 ;
1279 2233 1413 2274 ideoque
1427 2231 1564 2271 angulus
1577 2242 1593 2271 g
1608 2234 1655 2258 est
1667 2231 1778 2260 rectus,
1794 2234 1832 2254 os

717 2302 733 2321 z
755 2280 1748 2360 dy><qmmssadquuoderitergoyd³4de><-E—m—
1775 2303 1833 2335 sive

739 2344 760 2374 d
776 2354 792 2373 z
898 2354 933 2374 m
1684 2343 1719 2363 m

226 1860 274 1878 =
291 1847 320 1879 P
334 1857 376 1887 p;
399 1846 547 1888 quoniam
563 1852 586 1878 r
600 1852 614 1878 t
627 1853 728 1887 potest
740 1847 822 1878 sumi
845 1853 884 1879 ut
895 1845 998 1888 portio
1011 1850 1142 1886 tangen-

121 2035 230 2057 varum
245 2033 277 2058 et
290 2027 492 2058 abscissurum
503 2025 574 2056 erit:
600 1998 756 2064 ergoilz:
773 2026 794 2058 d
808 2006 987 2091 y=rp(

121 2318 628 2362 ergodvaddzutPtsivey
650 2318 694 2360 -f-

123 2412 226 2445 deleta
238 2416 357 2448 ratione
370 2388 445 2472 ἐξ
457 2424 530 2455 quae
553 2412 625 2444 data
645 2418 700 2448 est,
723 2412 935 2452 perpendiculi
955 2389 1056 2452 portio
1076 2411 1158 2443 inter
1177 2411 1255 2442 duas
1276 2418 1385 2440 curvas
1406 2403 1523 2437 similes
1543 2402 1703 2442 intercepti
1725 2399 1783 2430 erit
1802 2407 1833 2430 u¹

121 2483 372 2535 y-——d
195 2494 210 2513 ²
221 2484 276 2564 ἐξ
287 2496 303 2515 ²
318 2485 338 2515 d
353 2495 384 2547 y,
398 2509 623 2550 multiplicetur
637 2508 670 2539 id
683 2507 941 2547 perpendiculum
956 2519 1011 2548 per
1023 2518 1045 2550 y
1059 2507 1080 2538 d
1095 2518 1123 2545 v,
1139 2507 1258 2538 factum
1273 2505 1331 2537 erit
1344 2509 1381 2535 ut
1394 2503 1531 2534 annulus
1543 2499 1661 2531 solidus
1675 2499 1756 2530 inter
1766 2509 1835 2530 cur·

124 2585 177 2606 vas
198 2575 384 2616 interceptus
405 2577 530 2608 tandem
552 2587 627 2619 ergo
646 2576 871 2615 multiplicetur
891 2587 911 2616 y
926 2578 941 2595 2
957 2576 977 2606 d
992 2587 1008 2606 z
1026 2577 1070 2620 -1-
1086 2587 1101 2609 z
1115 2587 1137 2617 y
1151 2575 1171 2606 d
1185 2586 1207 2616 y
1225 2584 1281 2614 per
1299 2573 1435 2604 valorem
1449 2567 1838 2618 gravitatis-acceleranda

122 2618 296 2649 secundum
322 2619 350 2649 P
365 2620 391 2650 Z
413 2629 483 2659 quae
502 2621 588 2660 prius
610 2620 735 2650 inventa
749 2619 818 2653 fuit,
836 2619 952 2649 factum
970 2620 1027 2650 erit
1041 2627 1077 2650 ut
1091 2618 1215 2659 pondus
1228 2617 1316 2647 fluidi
1331 2617 1412 2646 inter
1426 2625 1534 2645 curvas
1541 2611 1663 2661 'smules
1676 2616 1838 2660 intercepti

122 2659 156 2690 in
170 2667 288 2700 puncto
304 2661 342 2697 P,
359 2669 521 2692 sumantur
534 2662 603 2702 ejus
617 2662 689 2692 facti
704 2660 856 2691 fluxiones
869 2661 951 2692 sacta
964 2662 986 2692 d
1000 2672 1016 2691 z
1030 2661 1190 2697 constanti,
1207 2666 1239 2690 et
1253 2659 1351 2689 nihilo
1366 2664 1527 2698 aequentur
1540 2654 1602 2685 illae
1616 2653 1777 2702 fluxiones,
1791 2663 1837 2703 stc

120 2702 257 2742 pondera
271 2703 413 2734 omnium
428 2704 563 2743 partium
578 2705 659 2735 inter
673 2703 749 2734 duas
763 2713 873 2734 curvas
886 2711 1103 2735 contentarum
1119 2704 1195 2734 fient
1209 2701 1350 2743 aequalia,
1373 2707 1405 2731 et
1423 2699 1584 2730 habebitur
1598 2702 1730 2736 aequ⁸²¹⁰
1743 2694 1836 2727 flun·

122 2745 221 2776 onalis
236 2755 339 2776 curvae
353 2756 448 2786 quam
461 2746 651 2778 meridianus
667 2747 772 2777 Terrae
787 2746 919 2777 affectat.

1440 2338 1503 2367 dv

166 2815 241 2846 Alia
261 2815 355 2847 etiam
376 2821 423 2846 est
441 2815 476 2846 in
496 2816 556 2847 hoc
579 2817 776 2848 Problemate
797 2817 934 2848 conditio
946 2827 1018 2858 quae
1030 2818 1153 2849 brevius
1167 2816 1372 2857 aequationem
1386 2813 1581 2854 suppeditare
1594 2817 1706 2852 Ροέθῐ,
1720 2820 1834 2850 nempe

123 2857 192 2899 (fig.
210 2858 359 2898 praeced.)
376 2858 450 2888 cum
464 2858 504 2888 sit
520 2859 548 2888 P
566 2859 599 2894 Q
611 2859 652 2890 ad
669 2860 694 2890 Z
712 2859 744 2890 V
758 2866 795 2890 ut
812 2860 837 2890 Z
855 2860 885 2891 Y
900 2860 938 2891 ad
957 2861 987 2891 Y
1004 2861 1046 2897 Q,
1066 2867 1097 2890 et
1114 2861 1139 2890 Z
1156 2860 1187 2890 V
1202 2859 1242 2889 sit
1254 2858 1371 2898 ubique
1384 2863 1422 2887 ut
1435 2857 1480 2886 vis
1493 2855 1667 2896 centn-isuga
1680 2854 1788 2894 puncti
1805 2853 1834 2884 P

122 2910 192 2941 quae
213 2907 259 2931 est
279 2911 399 2940 semper
422 2901 657 2939 proportionalis
670 2901 823 2933 ordinatae
841 2903 870 2933 P
888 2904 928 2940 Q,
945 2903 1023 2934 ratio
1041 2903 1066 2933 Z
1084 2904 1112 2933 Y
1128 2902 1167 2932 ad
1183 2902 1213 2932 Y
1232 2902 1263 2937 Q
1277 2907 1419 2931 constans
1433 2909 1498 2930 esse
1511 2898 1612 2929 debet.
1659 2898 1746 2927 Bene
1759 2905 1834 2936 ergo

121 2951 172 2972 res
191 2951 225 2973 se
244 2944 337 2974 habet
358 2943 384 2973 si
405 2949 540 2983 utroque
561 2943 656 2974 modo
676 2944 784 2974 eadem
806 2945 980 2976 obtineatur
996 2955 1099 2982 curva,
1115 2945 1162 2974 sin
1177 2944 1291 2979 minus,
1306 2948 1425 2982 oportet
1440 2948 1477 2972 ut
1489 2941 1569 2972 inter
1582 2941 1637 2971 has
1649 2939 1835 2988 hypotliestp

122 2984 225 3025 aliqua
238 2985 278 3015 sit
291 2986 506 3026 repugnantia,
523 2995 635 3025 nempe
648 2985 714 3016 dari
728 2986 873 3024 solidum,
890 2988 1088 3018 uniformiter
1098 2987 1239 3022 densum,
1255 2992 1360 3015 rotans
1373 2983 1454 3015 circa
1467 2993 1556 3014 axem
1571 2990 1603 3014 et
1615 2983 1649 3012 in
1663 2981 1835 3022 aequihbno

123 3027 338 3064 constitutum,
361 3030 394 3057 in
416 3038 479 3068 quo
500 3027 605 3058 media
626 3028 706 3059 actio
726 3030 807 3059 inter
827 3030 1009 3070 gravitatem
1025 3036 1055 3060 et
1071 3030 1134 3059 vim
1149 3027 1356 3068 centrifugam
1376 3027 1415 3057 sit
1435 3024 1696 3066 perpendicularis
1709 3023 1750 3053 ad
1763 3032 1835 3054 cur-

122 3079 212 3107 vam5
227 3079 299 3109 quae
313 3069 440 3110 quidem
453 3069 537 3101 dicta
553 3080 616 3101 non
631 3076 781 3109 putentur
795 3078 832 3102 ut
843 3072 1020 3112 praeripiam
1035 3071 1172 3111 palmam
1186 3077 1218 3102 et
1230 3069 1357 3101 laudem
1370 3069 1416 3100 illi
1429 3069 1484 3111 qui
1497 3068 1605 3110 majori
1620 3063 1768 3108 patiendi
1781 3070 1837 3096 aut

165 3127 245 3158 Vox..
265 3127 337 3159 ΙΙΙ.
974 3129 1011 3159 H
