2092 3470
252 237 335 276 212
651 231 737 275 DE
769 233 971 276 CAUSA
999 230 1271 276 PHYSICA
1302 231 1554 275 FLUXUS

305 349 600 406 Sagacissimus
621 348 827 405 Keplerus
847 364 962 391 mare
983 347 1128 392 versus
1149 349 1314 391 Lunam
1331 349 1550 407 gravitare,
1577 355 1806 404 aestumque
1823 344 1950 388 maris

243 421 341 463 hinc
369 422 469 463 cieri
498 422 598 464 olim
626 423 799 464 monuit.
860 422 1102 472 Newtonus,
1138 421 1357 477 postquam
1386 421 1499 478 leges
1533 420 1743 478 gravitatis
1771 418 1950 460 detexis-

243 502 317 545 set,
348 494 506 536 invenit
533 494 813 551 aequilibrium
847 493 972 535 maris
1000 507 1087 548 non
1115 500 1213 537 tam*
1228 492 1387 533 turbari
1415 492 1544 547 ipsius
1577 491 1778 549 gravitate
1807 487 1949 532 versus

243 566 421 617 Lunam,
454 565 578 622 quam
608 581 662 608 ex
691 565 969 621 inaequalitate
998 564 1059 606 vis
1090 563 1170 620 qua
1197 562 1413 618 particulae
1439 563 1563 604 maris
1583 563 1759 604 tendunt
1778 562 1832 603 ad
1860 561 1949 603 Lu-

242 651 340 679 nam
367 644 409 679 et
440 636 582 679 Solem
609 650 689 691 pro
718 636 890 677 diversis
919 634 1003 676 suis
1033 632 1237 675 distantiis
1264 632 1318 673 ab
1340 631 1491 673 horum
1517 632 1680 682 centris,
1709 631 1949 687 primusque
1993 653 2000 660 ·

243 714 404 749 motum
437 706 564 748 maris
597 706 651 748 ad
685 713 824 749 certas.
850 705 976 762 leges,
1013 712 1055 746 et
1088 703 1143 745 ad
1177 702 1381 744 calculum
1413 716 1607 744 revocare
1642 701 1797 743 docuit.
1867 701 1948 743 Fa-

246 780 418 822 tendum
436 779 605 836 quidem
625 787 687 821 est
714 779 926 836 gravitatis
947 792 1113 820 causam
1141 777 1326 834 ignotam
1346 790 1435 817 esse
1454 776 1519 817 vel
1538 775 1683 818 saltem
1701 776 1947 826 obscuram3

244 867 421 908 corpora
447 860 587 894 tamen
615 866 702 893 non
731 859 828 893 sunt
855 850 951 893 ideo
977 850 1113 892 minus
1143 849 1297 907 gravia.
1360 849 1452 892 Sint
1472 849 1543 905 qui
1561 857 1745 909 asserant
1773 864 1948 905 corpora

244 925 361 967 nullo
389 925 573 980 impulsu
601 931 674 966 aut
700 924 742 966 vi
771 923 956 974 externa,
988 923 1061 964 sed
1080 923 1121 964 vi
1141 922 1322 978 quadam
1342 921 1482 963 innata
1504 936 1547 963 se
1565 920 1711 962 mutuo
1730 929 1946 976 appetere3

239 994 383 1037 verum
413 1010 499 1037 non
527 1009 695 1050 aequum
725 1001 787 1036 est
814 993 966 1035 horum
993 992 1152 1034 somnia
1170 992 1332 1034 veritati
1352 991 1525 1033 afficere.
1586 991 1672 1033 Alii
1691 992 1827 1033 statim
1848 1006 1948 1034 con-

236 1065 398 1122 fugiant
424 1065 478 1106 ad
503 1064 787 1106 immediatum
816 1063 1010 1118 Supremi
1039 1063 1234 1105 Auctoris
1275 1062 1507 1118 imperium,
1536 1069 1599 1104 ast
1628 1077 1764 1119 neque
1795 1062 1947 1106 horum
1968 1069 1970 1073 “

237 1140 366 1180 nimia
394 1138 602 1180 festinatio
630 1128 847 1193 probanda
875 1145 959 1186 est3
1001 1151 1136 1192 neque
1165 1136 1331 1177 illorum
1359 1135 1567 1177 fastidium
1598 1135 1668 1191 qui
1697 1142 1759 1177 tot
1785 1145 1946 1177 naturae

238 1212 485 1253 testimoniis
519 1225 606 1252 non
642 1210 863 1252 attendunt
894 1210 1089 1265 quoniam
1123 1224 1246 1252 causa
1277 1209 1490 1267 gravitatis
1524 1217 1587 1252 est
1618 1210 1808 1252 obscura.
1868 1209 1945 1252 Vis

234 1285 449 1340 gravitatis
480 1292 542 1326 est
569 1283 691 1325 nobis
721 1282 826 1324 adeo
855 1282 1080 1334 familiaris,
1111 1284 1280 1339 ejusque
1298 1297 1493 1324 mensura
1512 1281 1617 1324 adeo
1635 1297 1715 1338 pro
1734 1291 1946 1338 comperto

237 1355 426 1405 habetur,
458 1362 505 1396 ut
523 1353 603 1395 hac
622 1353 684 1406 ¹ad
713 1353 813 1395 alias
832 1353 940 1395 vires
960 1353 1222 1395 aestimandas
1242 1352 1327 1394 fere
1357 1367 1519 1408 semper
1537 1360 1728 1403 utamur3
1759 1353 1881 1410 quam
1899 1354 1946 1395 in

242 1425 383 1476 Coelis,
405 1438 492 1466 non
520 1422 658 1466 minus
679 1423 802 1480 quam
831 1424 876 1465 in
906 1424 1050 1466 Terris
1076 1425 1293 1476 dominari,
1322 1432 1364 1466 et
1388 1423 1618 1467 secundum
1637 1432 1791 1467 certam
1809 1425 1946 1482 legem

239 1495 383 1552 augeri
403 1503 445 1537 et
462 1495 596 1536 minui
615 1494 914 1538 demonstravit
931 1495 995 1537 vir
1015 1495 1190 1537 eximius
1211 1503 1326 1537 tanta
1345 1499 1440 1537 cum
1460 1494 1664 1537 evidentia
1681 1503 1728 1537 ut
1746 1496 1946 1551 majorem

235 1567 388 1608 frustra
407 1566 616 1609 desideres
635 1567 678 1608 in
698 1567 829 1609 ardua
848 1575 890 1609 et
909 1566 1066 1609 difficili
1084 1566 1164 1610 hac
1182 1566 1457 1623 philosophiae
1475 1573 1607 1622 parte,
1624 1580 1717 1622 quae
1732 1566 1785 1608 de
1803 1555 1944 1608 rerum

233 1638 367 1680 causis
387 1637 483 1694 agit.
1259 1654 1283 1676 x

291 1711 518 1752 Newtonus
553 1717 798 1765 argumento
831 1710 1032 1765 singulari
1066 1710 1259 1762 ostendit,
1295 1710 1462 1752 Lunam
1495 1710 1635 1767 urgeri
1667 1708 1809 1751 versus
1843 1724 1942 1751 cen-

236 1792 348 1825 trum
383 1782 529 1824 Terrae
562 1782 604 1822 vi
639 1796 733 1837 quae
769 1780 926 1836 (habita
957 1782 1117 1831 ratione
1151 1782 1455 1835 distantiarum)
1492 1796 1587 1823 cum
1619 1781 1820 1837 gravitate
1851 1787 1942 1823 co'r-

233 1868 386 1910 porum
414 1852 672 1894 terrestrium
697 1851 820 1907 plane
848 1852 1060 1908 congruit;
1092 1851 1203 1907 quali
1230 1851 1407 1893 Terram
1431 1850 1573 1893 versus
1594 1851 1759 1893 Lunam
1786 1844 1942 1906 pariter

231 1924 373 1981 urgeri
394 1937 516 1979 aequo
530 1923 626 1977 jure
645 1922 897 1963 censendum
917 1930 990 1964 est.
1056 1921 1167 1964 Cum
1186 1937 1337 1978 corpus
1357 1922 1526 1978 aliquod
1548 1921 1690 1964 versus
1709 1923 1823 1964 aliud
1850 1923 1940 1979 pel-

229 1992 340 2045 litur,
377 1993 475 2035 inde
511 1992 679 2048 quidem
707 1992 821 2034 haud
854 1993 1038 2048 sequitur
1070 1992 1152 2034 hoc
1181 1991 1324 2035 versus
1353 1993 1458 2035 illud
1486 1993 1609 2035 simul
1642 1995 1794 2051 urgeri.
1856 1995 1941 2038 Ve-

211 2061 324 2104 rum
356 2063 459 2120 quid
487 2062 542 2104 de
570 2062 771 2119 gravitate
800 2076 1022 2117 corporum
1042 2063 1270 2105 coelestium
1301 2064 1561 2106 sentiendum
1589 2064 1654 2116 sit,
1686 2079 1740 2106 ex
1767 2065 1817 2106 iis
1844 2079 1939 2121 quae

230 2142 441 2188 comperta
471 2141 567 2175 sunt
587 2133 640 2175 de
669 2133 870 2190 gravitate
890 2148 1113 2189 corporum
1123 2118 1390 2176 “terrestrium
1411 2134 1602 2191 (aliisque
1620 2134 1776 2176 viribus
1797 2132 1940 2179 simili-

229 2206 326 2259 bus)
348 2205 504 2261 optime
525 2205 809 2262 dignoscitur3
838 2202 934 2246 cum
953 2219 1029 2260 per
1048 2204 1156 2247 hanc
1182 2205 1236 2246 ad
1265 2205 1377 2247 illam
1397 2205 1700 2262 agnoscendam
1720 2205 1936 2257 ducamur,

230 2278 396 2334 sintque
429 2277 706 2333 phaenomena
739 2277 908 2318 omnino
944 2277 1104 2319 similia.
1170 2277 1300 2320 Mons
1330 2278 1507 2335 gravitat
1537 2277 1582 2319 in
1612 2262 1802 2328 Terram,
1832 2285 1874 2320 et
1901 2277 1938 2320 si

232 2352 367 2394 Terra
394 2366 480 2393 non
509 2358 679 2408 urgeret
703 2358 888 2392 montem
908 2351 950 2392 vi
978 2351 1127 2407 aequali
1147 2359 1190 2393 et
1209 2350 1426 2401 contraria,
1459 2350 1592 2392 Terra
1614 2365 1640 2391 a
1656 2358 1797 2392 monte
1815 2349 1937 2405 pulsa

227 2430 420 2479 pergeret
448 2436 543 2463 cum
571 2429 688 2462 motu
716 2421 943 2462 accelerato
972 2422 1016 2462 in
1044 2422 1264 2464 infinitum.
1332 2421 1470 2464 Porro
1499 2416 1627 2463 status
1649 2421 1825 2477 cujusvis
1847 2436 1935 2478 sys-

228 2496 389 2536 tematis
419 2508 642 2549 corporum
673 2494 717 2549 (i.
739 2509 774 2535 e.
809 2501 947 2535 motus
982 2494 1113 2536 centri
1139 2494 1367 2551 gravitatis)
1403 2491 1635 2535 necessario
1668 2493 1858 2535 turbatur
1880 2493 1935 2537 ab

227 2566 340 2607 omni
369 2566 530 2608 actione
559 2566 625 2607 cui
653 2580 740 2606 non
769 2565 941 2621 aequalis
972 2574 1014 2607 et
1043 2567 1249 2608 contraria
1269 2573 1331 2608 est
1349 2565 1486 2621 aliqua
1505 2565 1672 2616 reactio,
1703 2565 1761 2607 ita
1789 2573 1836 2609 ut
1863 2566 1935 2611 vix

226 2638 451 2694 quidquam
468 2651 653 2692 perenne
674 2644 745 2678 aut
765 2644 956 2679 constans
978 2638 1059 2679 dici
1077 2639 1209 2694 possit
1227 2639 1270 2680 in
1291 2646 1511 2695 systemate
1531 2638 1565 2679 si
1584 2638 1676 2680 haec
1705 2638 1775 2680 lex
1796 2639 1934 2681 locum

226 2723 310 2750 non
339 2709 500 2751 habeat.
562 2707 751 2765 Cumque
781 2709 927 2750 Terrae
954 2717 1092 2765 partes
1122 2711 1180 2753 ita
1208 2725 1370 2766 semper
1398 2711 1442 2752 in
1471 2720 1515 2752 se
1541 2710 1687 2753 mutuo
1717 2718 1854 2768 agant,
1885 2716 1933 2752 ut

225 2786 360 2821 motus
381 2779 511 2821 centri
538 2779 748 2837 gravitatis
769 2779 916 2821 Terrae
934 2779 1171 2823 nullatenus
1190 2781 1380 2823 turbetur
1400 2797 1424 2822 a
1442 2782 1596 2823 mutuis
1618 2796 1838 2838 corporum
1858 2789 1932 2823 aut

226 2851 435 2906 agentium
465 2848 808 2908 quorumcunque
833 2852 1112 2904 conflictibus,
1149 2853 1235 2910 sive
1263 2854 1371 2895 intra
1406 2855 1491 2896 sive
1520 2861 1638 2896 extra
1672 2853 1934 2909 superficiem

227 2921 398 2962 sitorum
411 2938 422 2972 3
453 2923 681 2979 eademque
701 2924 770 2965 lex
790 2924 973 2966 obtineat
991 2924 1035 2965 in
1054 2924 1209 2966 viribus
1237 2925 1491 2982 magneticis,
1523 2925 1720 2968 electricis
1746 2925 1931 2981 aliisque,

225 3000 332 3035 teste
362 2995 634 3048 experientia,
659 2996 755 3050 jure
785 2995 994 3037 concludit
1019 2995 1245 3038 Newtonus
1276 2997 1442 3038 Lunam
1462 3012 1546 3039 non
1567 2994 1726 3047 tantum
1752 2996 1795 3036 in
1826 2996 1933 3037 Ter-

228 3077 331 3112 ram,
364 3063 437 3104 scd
467 3064 573 3106 hanc
594 3081 758 3121 quoque
787 3067 831 3108 in
864 3067 978 3109 illam
1007 3068 1225 3124 gravitare,
1258 3076 1298 3109 et
1322 3077 1537 3125 utramque
1571 3068 1681 3110 circa
1712 3080 1933 3109 commune
