2092 3470
514 211 768 256 FLUXUS
796 212 878 255 AC
910 208 1246 257 REFLUXUS
1275 214 1503 258 MARIS.'
1526 237 1530 241 ·
1769 219 1852 259 279

150 325 260 368 dicat
279 340 428 382 aquam
455 324 562 365 infra
580 332 732 366 statum
750 325 982 367 naturalem
1002 324 1237 366 consistere.
1297 325 1488 381 Namque
1508 324 1603 367 cum
1634 325 1684 374 P,
1698 325 1854 382 ubique

148 397 202 439 sit
220 398 357 438 minor
375 397 532 438 unitate
552 397 632 437 nisi
652 397 730 437 sub
748 397 848 451 ipsis
869 398 989 452 polis,
1013 411 1062 438 ac
1082 395 1302 437 declinatio
1322 396 1457 438 Lunae
1471 397 1750 454 nunquamad
1767 404 1852 440 30⁰.

150 482 365 524 assurgere
392 467 535 521 possit,
567 482 621 508 ex
650 482 734 523 quo
763 467 807 516 Q
842 468 890 516 <
918 471 942 520 ᾖ
977 475 1018 508 et
1046 466 1089 516 Q
1110 467 1154 516 Q
1189 470 1237 516 <
1257 468 1296 519 ὲ,
1318 466 1395 507 erit
1415 474 1439 508 3
1462 468 1499 509 Ρ
1517 467 1533 488 ²
1554 468 1596 517 Q
1614 468 1631 488 ²
1650 468 1853 524 perpetuo

149 543 306 584 unitate
324 541 486 591 minor3
518 541 696 597 ideoque
715 541 786 582 issa
804 542 1016 596 expressio
1034 540 1237 597 negativa.
1583 536 1585 538 ¹

205 615 238 666 §.
258 618 326 666 42.
358 611 429 653 De
457 612 617 653 ratione
646 619 785 652 autem
804 612 1042 653 elevationis
1062 625 1181 666 aquae
1198 611 1243 651 in
1262 624 1416 666 genere
1437 610 1625 665 judicare
1642 611 1781 653 licebit
1799 627 1854 654 ex

148 682 1171 771 formul-15Ia(3VV——l)-'—IAV(5VV—3)'¹

461 756 487 791 2
507 751 536 791 b
554 750 571 774 ⁵
884 756 909 790 2
922 751 959 793 Ab
979 751 996 774 ¹

889 820 928 861 L
949 825 992 874 (3
1013 836 1040 861 v
1059 836 1086 862 v
1105 847 1163 853 —
1184 822 1240 887 1)-

1004 893 1030 928 2
1051 889 1078 929 b
1097 888 1114 911 ³

149 964 265 1006 sione
290 964 532 1021 intelligitur
551 977 670 1018 aquae
690 961 959 1003 elevationem
978 975 1003 1001 a
1022 959 1107 1001 sola
1129 960 1391 1018 elongatione
1412 961 1547 1003 Lunae
1567 961 1620 1002 ab
1638 959 1854 1004 horizonte

1186 723 1259 750 seu
1291 705 1386 748 cum
1417 708 1621 762 posterior
1654 710 1852 750 terminus

149 848 220 890 vix
240 848 291 890 sit
311 847 526 897 sensibilis,
549 861 602 888 ex
623 847 711 888 solo
730 846 869 902 priore
1313 846 1382 888 Ex
1409 846 1491 888 hac
1519 854 1655 888 autem
1685 862 1853 903 expres-

146 1036 342 1091 pendere,
375 1036 459 1077 sive
489 1035 612 1076 Luna
631 1034 684 1075 sit
704 1047 828 1088 super
848 1033 934 1073 sive
954 1032 1029 1073 sub
1050 1032 1278 1083 horizonte,
1308 1034 1460 1075 retinet
1478 1034 1589 1074 enim
1610 1041 1635 1076 3
1656 1049 1683 1075 v
1701 1050 1727 1075 v
1750 1058 1804 1067 -
1829 1041 1847 1076 l

147 1107 326 1148 eundem
345 1106 528 1147 valorem
548 1105 632 1145 sive
651 1119 677 1144 v
699 1104 751 1145 sit
770 1102 1060 1144 affirmativum
1079 1104 1164 1144 sive
1183 1104 1432 1160 negativum.
1491 1105 1658 1146 Deinde
1684 1106 1782 1161 q'uia
1805 1106 1854 1147 fit

149 1184 174 1220 3
195 1192 222 1219 v
240 1192 266 1218 v
284 1202 341 1209 —
365 1182 380 1218 1
417 1193 458 1214 =
486 1183 513 1217 Ο
534 1175 568 1216 si
599 1175 722 1216 Luna
751 1174 803 1215 ab
832 1173 1046 1215 horizonte
1075 1173 1199 1215 distet
1224 1189 1323 1216 arcu
1344 1180 1429 1216 35⁰.
1453 1176 1546 1224 16'.‚
1576 1182 1665 1216 tum
1685 1190 1793 1231 aqua
1811 1177 1856 1217 in

147 1249 239 1304 ipso
259 1257 367 1290 statu
386 1248 565 1289 naturali
585 1247 663 1287 erit
688 1245 922 1296 constituta,
951 1260 1087 1300 neque
1106 1245 1263 1287 elevata
1282 1261 1417 1301 neque
1437 1245 1644 1300 depressa.
1706 1246 1854 1288 Eleva-

147 1322 260 1363 bitur
279 1336 381 1378 ergo
401 1335 521 1376 aqua,
553 1318 648 1360 cum
680 1318 803 1359 Luna
821 1317 930 1358 ultra
950 1316 1034 1359 35⁰.
1060 1318 1137 1359 16'.
1158 1317 1224 1358 vel
1243 1332 1368 1372 supra
1386 1316 1452 1358 vel
1472 1316 1579 1357 infra
1597 1316 1855 1359 horizontem
1879 1330 1881 1332 ·

147 1401 344 1444 versetur,
375 1408 399 1434 e
431 1392 639 1434 contrario
670 1398 809 1432 autem
838 1390 1092 1445 deprimetur
1111 1390 1280 1445 quando
1310 1390 1445 1432 Lunae
1465 1390 1517 1431 ab
1536 1390 1752 1431 horizonte
1772 1390 1856 1431 dis-

148 1466 278 1507 tantia
305 1465 441 1505 minor
471 1471 533 1505 est
566 1462 690 1518 quam
725 1467 808 1504 35⁰.
840 1462 917 1504 16'.
979 1461 1165 1502 Omnino
1194 1469 1331 1503 autem
1352 1476 1459 1517 aqua
1477 1460 1658 1502 maxime
1678 1461 1756 1502 erit
1785 1461 1858 1502 de-

147 1553 291 1593 pressa
310 1538 411 1579 dum
431 1537 554 1578 Luna
573 1537 710 1591 ipsum
729 1535 987 1576 horizontem
1006 1543 1194 1591 occupat,
1222 1535 1384 1590 hocque
1403 1543 1590 1590 tempore
1609 1534 1716 1575 infra
1735 1536 1859 1576 situm

122 1673 124 1675 ,
148 1636 379 1679 naturalem
394 1634 578 1677 subsidet
596 1632 814 1674 intervallo
835 1666 862 1715 9
873 1607 916 1715 If>
939 1673 956 1697 3

148 1737 230 1792 hoc
256 1750 336 1791 situ
356 1747 582 1790 elevabitur
600 1745 819 1788 recedente
841 1743 963 1785 Luna
984 1745 1037 1785 ab
1066 1744 1280 1785 horizonte
1300 1744 1383 1785 sive
1405 1758 1528 1799 super
1549 1744 1633 1785 sive
1654 1744 1731 1784 sub
1752 1743 1859 1784 Ter-

150 1820 209 1862 ra.
271 1819 389 1860 Hinc
416 1819 466 1860 iis
495 1818 540 1858 in
567 1816 819 1873 regionibus,
849 1815 894 1856 in
923 1815 1072 1870 quibus
1104 1814 1227 1856 Luna
1255 1815 1387 1855 oritur
1410 1822 1452 1855 et
1468 1814 1639 1864 occidit,
1671 1822 1858 1869 tempore

151 1897 219 1932 24.
239 1890 332 1931 hor.
356 1890 438 1930 48'.
459 1902 573 1929 mare
601 1887 666 1928 bis
695 1885 875 1928 maxime
895 1885 973 1926 erit
992 1885 1198 1940 depressa,
1226 1885 1373 1941 bisque
1394 1885 1572 1935 elevata3
1604 1894 1731 1926 status
1752 1886 1859 1927 scili-

150 1970 216 2003 cet
242 1959 516 2015 depressionis
545 1957 701 1998 incidet
727 1956 772 1997 in
800 1955 997 2010 appulsus
1027 1955 1162 1996 Lunae
1189 1954 1244 1995 ad
1269 1954 1540 2004 horizontem,
1572 1963 1699 1996 status
1721 1964 1859 1997 autem

985 1649 1026 1671 =
1056 1638 1094 1682 1,
1131 1637 1207 1672 111
1242 1631 1397 1687 pedum
1428 1634 1475 1686 (§.
1506 1632 1619 1685 41.);
1654 1639 1777 1688 atque
1805 1631 1858 1672 de

151 2032 387 2076 elevationis
416 2031 461 2071 in
490 2029 685 2085 appulsus
714 2028 850 2069 Lunae
879 2027 934 2068 ad
961 2026 1246 2082 meridianum.
1309 2027 1369 2068 At
1389 2027 1538 2082 quibus
1557 2027 1600 2067 in
1620 2028 1858 2084 regionibus

152 2106 274 2148 Luna
302 2118 380 2145 nec
408 2102 538 2143 oritur
566 2115 644 2141 nec
673 2098 836 2149 occidit,
868 2098 1063 2154 quoniam
1088 2097 1146 2138 ibi
1173 2097 1296 2139 Luna
1315 2097 1446 2138 altero
1466 2097 1642 2152 appulsu
1661 2098 1715 2139 ad
1734 2099 1858 2140 meri-

152 2178 323 2220 dianum
342 2173 535 2224 maxime,
557 2172 688 2214 altero
706 2169 874 2213 minime
894 2171 947 2212 ab
966 2170 1181 2211 horizonte
1201 2169 1336 2220 distat,
1359 2171 1491 2225 spatio
1512 2176 1566 2211 24
1586 2170 1628 2212 h.
1650 2173 1732 2213 48'.
1753 2186 1860 2228 aqua

151 2247 277 2289 semel
309 2254 470 2287 tantum
504 2243 740 2292 elevabitur,
778 2241 984 2296 semelque
1019 2240 1294 2295 deprimetur:
1339 2241 1417 2282 sub
1447 2241 1546 2296 ipsis
1581 2250 1717 2284 autem
1749 2242 1857 2297 polis

152 2327 276 2361 aestus
295 2317 420 2358 maris
440 2315 612 2356 omnino
631 2314 709 2356 erit
727 2313 881 2364 nullus,
907 2312 1080 2354 diurnus
1102 2311 1281 2361 scilicet3
1311 2326 1407 2353 nam
1426 2312 1598 2354 variatio
1617 2312 1857 2354 declinatio·

152 2393 216 2434 nis
237 2391 325 2433 sola
343 2398 495 2432 statum
514 2387 639 2430 maris
659 2376 854 2429 turbabit.
1751 2373 1754 2377 ¹

210 2469 242 2518 §.
259 2469 327 2506 50.
351 2462 460 2505 Cum
480 2462 606 2519 igitur
622 2461 698 2503 sub
713 2460 819 2516 polis
835 2459 980 2501 Terrae
994 2459 1132 2501 nullus
1148 2459 1200 2500 sit
1213 2459 1351 2500 fluxus
1367 2472 1415 2500 ac
1427 2459 1609 2500 refluxus
1628 2458 1765 2510 maris,
1785 2459 1859 2502 sed

154 2551 262 2593 aqua
277 2542 437 2577 tantum
450 2534 750 2590 aliquantulum
763 2532 957 2574 ascendat
972 2532 1287 2588 descendatque,
1304 2540 1429 2587 prout
1444 2532 1566 2573 Luna
1580 2532 1643 2573 vel
1658 2532 1790 2589 magis
1805 2532 1858 2574 ab

154 2614 363 2663 aequatore
394 2605 549 2647 recedit
576 2604 643 2646 vel
676 2604 855 2646 ad'eum
882 2602 1067 2652 accedit;
1107 2602 1319 2644 videamus
1349 2602 1471 2644 etiam
1498 2602 1706 2658 quomodo
1734 2610 1858 2645 aestus

154 2678 279 2721 maris
300 2678 344 2717 in
365 2676 453 2717 aliis
473 2676 620 2718 Terrae
639 2675 876 2733 regionibus
897 2673 1124 2717 secundum
1142 2682 1327 2715 nostram
1345 2674 1593 2730 hypothesin
1608 2674 1756 2716 debeat
1769 2690 1858 2717 esse

155 2757 428 2806 comparatus.
512 2746 894 2791 considerabimus'
908 2756 1047 2790 autem
1078 2746 1288 2803 praecipue
1321 2754 1405 2788 tres
1438 2746 1641 2802 regiones,
1683 2761 1858 2803 quarum

155 2825 290 2880 prima
315 2823 449 2879 posita
475 2822 528 2864 sit
553 2822 629 2863 sub
658 2823 749 2878 ipso
775 2829 996 2878 aequatore,
1025 2819 1205 2862 secunda
1230 2819 1382 2860 habeat
1401 2818 1667 2860 elevationem
1686 2819 1772 2874 poli
1802 2825 1856 2862 30

157 2898 375 2954 graduum,
393 2896 513 2938 tertia
526 2894 625 2937 vero
648 2902 703 2937 60
718 2896 935 2953 graduum.
995 2895 1107 2945 Quia
1127 2894 1253 2951 igitur
1267 2893 1310 2933 in
1329 2892 1393 2933 his
1409 2893 1600 2935 omnibus
1619 2893 1856 2955 regionibus

158 2967 282 3010 Luna
318 2968 449 3009 oritur
488 2974 611 3022 atque
650 2966 812 3016 occidit,
852 2966 1034 3008 maxima
1074 2964 1283 3020 depressio
1322 2979 1442 3019 aquae
1480 2964 1632 3021 ubique
1670 2966 1748 3007 erit
1788 2981 1857 3007 ea-

885 3037 924 3078 L

159 3064 267 3114 dem,
290 3064 443 3105 scilicet
461 3077 537 3118 per
565 3061 825 3103 intervallum
856 3095 954 3145 2-53
984 3061 1091 3103 infra
1121 3062 1243 3102 situm
1269 3060 1511 3112 naturalem,
1542 3077 1671 3118 eaque
1697 3063 1856 3103 contin-
