2092 3470
297 224 379 259 :318
633 218 986 269 INQUISITIO
1018 219 1289 264 PHYSICA
1321 221 1388 263 IN
1419 221 1677 270 CAUSAM
1729 228 1738 242 ²

292 332 345 374 ab
374 332 423 374 iis
443 333 514 388 qui
534 333 650 389 sequi
670 333 894 385 deberent3
925 351 978 378 ex
998 351 1083 393 quo
1104 335 1367 378 manifestum
1387 345 1448 380 est
1466 353 1553 380 non
1573 338 1666 380 illos
1685 347 1825 390 aestus,
1856 339 1928 396 qui
1956 340 2001 380 in

291 404 390 459 ipsis
421 405 595 461 syzygiis
625 405 890 451 luminarium
921 409 1179 464 contingunt,
1212 422 1301 449 esse
1330 410 1546 461 maximos,
1578 411 1652 452 sed
1673 418 1893 467 sequentes
1914 418 2007 453 esse

291 478 479 532 majores.
543 478 724 535 Hocque
744 479 853 522 idem
873 479 1189 538 intelligendum
1209 489 1272 522 est
1286 481 1338 522 de
1359 482 1527 524 aestibus
1547 482 1738 534 minimis,
1761 484 1832 539 qui
1852 498 1937 524 non
1955 483 2001 524 in

290 549 400 603 ipsas
430 550 700 605 quadraturas
729 553 930 604 incidunt,
963 553 1037 594 sed
1056 551 1214 594 tardius
1236 562 1485 609 sequuntur:
1516 553 1628 595 unde
1647 555 1752 596 ratio
1771 555 2000 597 luculenter

289 623 552 678 perspicitur,
585 639 659 666 cur
677 633 800 667 aestus
821 625 907 668 tam
927 625 1099 667 maximi
1125 625 1250 682 quam
1270 627 1430 668 minimi
1450 641 1534 668 non
1565 628 1663 682 ipsis
1683 629 1941 686 syzygiarum
1960 637 2003 670 et

291 695 974 753 quadraturarum'tempestatibus
1005 698 1296 753 respondeant,
1329 699 1401 741 sed
1428 698 1559 741 serias
1579 699 1859 749 observentur,
1889 701 2000 742 tertii

291 767 449 810 scilicet
469 767 637 811 demum
655 769 721 811 vel
741 770 873 824 quarti
895 778 990 824 post
1009 770 1099 811 haec
1119 778 1318 825 tempora.

1036 955 1255 969 mmmm

814 1091 1045 1140 CAPUT
1082 1092 1462 1141 SEPTIMUM.

358 1221 616 1284 Explicalio
632 1222 974 1284 praecipuorum
998 1223 1406 1270 Phoenomenorum
1427 1223 1549 1270 circa
1573 1225 1759 1271 AEstum
1782 1225 1947 1272 Maris

964 1288 1318 1350 observatorum.

286 1433 317 1482 §.
341 1436 409 1472 98.
450 1411 519 1474 IN
555 1431 888 1486 praecedentibus
925 1431 1141 1486 Capitibus
1174 1430 1304 1473 fusius
1338 1432 1606 1487 exposuimus
1641 1427 1824 1483 effectus,
1860 1431 1932 1488 qui
1955 1430 2007 1471 ·in

286 1501 391 1542 mari
426 1517 451 1543 a
484 1502 640 1543 viribus
675 1501 755 1543 illis
790 1502 964 1552 duabus,
999 1517 1175 1559 quarum
1206 1502 1336 1544 altera
1366 1501 1509 1544 versus
1542 1503 1708 1544 Lunam
1740 1511 1804 1544 est
1833 1502 2003 1552 directa,

287 1574 416 1616 altera
446 1573 586 1617 versus
619 1574 772 1625 Solem,
804 1575 980 1630 produci
1009 1575 1163 1617 debent
1176 1590 1188 1624 3
1219 1589 1372 1631 eosque
1393 1573 1488 1616 cum
1511 1589 1587 1630 per
1607 1574 1811 1616 calculum
1831 1573 2005 1629 analyti-

287 1660 395 1695 cum,
418 1644 507 1687 tum
526 1660 602 1701 per
624 1645 756 1686 solida
775 1645 990 1687 ratiocinia
1010 1645 1067 1687 ita
1087 1633 1462 1695 determinavimus,
1485 1653 1532 1686 ut
1551 1645 1605 1686 de
1623 1659 1768 1686 eorum
1788 1643 2006 1687 existentia

287 1716 468 1756 dubitari
497 1717 668 1757 omnino
697 1731 784 1757 non
811 1716 946 1766 liceat,
980 1716 1014 1756 si
1043 1716 1211 1772 quidem
1240 1715 1323 1756 illae
1352 1716 1458 1757 vires
1483 1711 1766 1757 admittantur.
1828 1716 1887 1757 At
1906 1714 2006 1757 vero

235 1799 237 1801 ·
286 1787 384 1828 istas
404 1787 512 1828 vires
533 1787 577 1827 in
596 1787 756 1828 mundo
771 1787 949 1828 existere
964 1802 1047 1828 non
1065 1787 1198 1828 solum
1217 1802 1294 1842 per
1309 1787 1389 1828 alia
1407 1787 1684 1842 phaenomena
1699 1787 2005 1829 evidentissime

284 1859 565 1914 probavimus,
598 1860 672 1901 sed
702 1860 827 1901 etiam
856 1875 998 1901 earum
1027 1875 1194 1902 causam
1221 1859 1433 1916 physicam
1463 1861 1774 1917 assignavimus,
1807 1875 1932 1917 quam
1957 1861 2003 1903 in

287 1932 393 1973 binis
414 1933 653 1984 vorticibus,
686 1940 862 1989 quorum
883 1933 986 1974 alter
1006 1934 1116 1975 circa
1139 1933 1291 1983 Solem,
1314 1933 1418 1974 alter
1438 1933 1547 1974 circa
1568 1933 1734 1974 Lunam
1763 1933 1817 1974 sit
1850 1933 2004 1976 consti·-

285 2014 411 2056 tutus,
442 2007 670 2061 posuimus,
704 2007 859 2063 quippe
889 2022 984 2063 quae
1012 2015 1074 2048 est
1102 2007 1225 2048 unica
1254 2007 1360 2048 ratio
1381 2005 1476 2048 cum
1505 2007 1750 2063 gravitatem
1769 2005 1859 2048 tum
1879 2007 2003 2049 etiam

287 2076 408 2127 vires,
443 2077 593 2133 quibus
623 2077 803 2132 planetae
822 2078 867 2118 'in
888 2078 970 2119 suis
990 2078 1134 2119 orbitis
1155 2078 1265 2119 circa
1287 2077 1426 2120 Solem
1447 2078 1723 2128 continentur,
1757 2078 2004 2133 explicandi.

287 2147 402 2197 Quin
423 2148 547 2188 etiarn
566 2147 657 2189 haec
677 2148 767 2203 ipsa
786 2148 1062 2202 phaenomena
1091 2148 1295 2189 internam
1313 2148 1522 2189 vorticum
1542 2156 1793 2190 structuram
1812 2157 1855 2191 et
1882 2149 2004 2192 indo-

285 2219 368 2260 lem
389 2228 791 2269 commonstraruut3
823 2220 877 2261 ob
898 2235 1028 2276 eaque
1047 2220 1225 2261 vortices
1245 2220 1302 2260 ita
1322 2227 1583 2274 comparatos
1599 2234 1688 2261 esse
1709 2220 1939 2271 statuimus,
1955 2227 2002 2262 ut

286 2293 394 2335 vires
424 2293 668 2350 centrifugae
700 2293 943 2334 decrescant
974 2293 1017 2333 in
1049 2291 1258 2347 duplicata
1291 2292 1452 2333 ratione
1483 2291 1770 2333 distantiarum
1798 2307 1824 2333 a
1852 2291 2002 2333 centris

288 2366 543 2408 eorumdem.
605 2366 749 2415 Quare
783 2366 878 2408 ciim
912 2367 956 2407 in
990 2366 1056 2407 his
1083 2366 1239 2407 viribus
1266 2366 1370 2407 nihil
1404 2364 1587 2423 gratuito
1613 2364 1936 2415 assumserimus‚
1969 2364 2004 2405 si

286 2436 455 2479 effectus
476 2452 530 2488 ex
549 2437 598 2478 iis
618 2437 785 2479 oriundi
801 2452 896 2479 cum
916 2437 1204 2492 phaenomenis
1221 2437 1345 2479 aestfis
1360 2437 1485 2478 maris
1502 2437 1760 2491 conveniant,
1778 2433 2004 2477 certissime

286 2508 676 2563 nobispersuadere
695 2508 934 2563 poterimus,
967 2508 1010 2548 in
1037 2508 1253 2565 assignatis
1275 2504 1431 2549 viribu's
1451 2522 1591 2548 veram
1611 2505 1737 2547 aestfis
1757 2506 1884 2547 maris
1903 2520 2002 2547 cau-

287 2593 376 2621 sam
405 2579 630 2628 contineri3
660 2579 946 2635 absonumque
975 2578 1147 2620 omnino
1176 2578 1277 2629 fore,
1308 2579 1343 2620 si
1373 2592 1539 2619 causam
1559 2575 1682 2618 aestfis
1702 2576 1828 2617 maris
1847 2575 1892 2617 in
1911 2576 2009 2618 aliis

256 2663 258 2665 ’
285 2646 440 2692 viribus
460 2650 713 2707 imaginariis
733 2651 951 2706 anquirere
980 2650 1191 2691 vellemus.
1253 2649 1538 2699 Quamobrem
1561 2648 1605 2688 in
1625 2647 1707 2688 hoc
1730 2647 1878 2702 Capite
1898 2656 1999 2689 oon·

287 2724 492 2765 stituimus
513 2738 656 2765 omnes
678 2723 860 2773 effectus,
883 2722 951 2779 qui
973 2722 1017 2762 in
1037 2721 1318 2777 superioribus
1333 2720 1550 2776 Capitibus
1570 2718 1744 2774 sparsim
1764 2726 1861 2760 sunt
1879 2719 2000 2771 eruti,

289 2796 539 2850 conjunctim
561 2803 603 2837 et
621 2795 768 2837 ordine
793 2809 1043 2850 proponere,
1075 2808 1362 2849 summumque
1382 2807 1528 2834 eorum
1548 2805 1795 2834 consensum
1815 2805 1909 2833 cum
1929 2806 2002 2833 ex-

288 2867 487 2920 perientia
508 2867 732 2910 declarare.
793 2867 1002 2916 Quoniam
1026 2874 1163 2908 autem
1183 2865 1370 2907 nondum
1390 2865 1780 2920 impedimentorum
1801 2879 1826 2905 a
1851 2864 2001 2906 littori-

289 2937 368 2978 bus
386 2938 611 2995 Terrisque
632 2939 904 2980 oriundorum
924 2938 1123 2980 rationem
1145 2937 1377 2988 habuimus,
1394 2936 1512 2979 facile
1533 2937 1787 2993 intelligitur,
1809 2935 1908 2978 hinc
1927 2951 2002 2978 ex-

291 3009 402 3050 cludi
425 3010 561 3051 adhuc
583 3011 735 3052 debere
755 3010 958 3067 ejusmodi
988 3009 1212 3051 anomalias
1232 3009 1356 3051 aestfis
1377 3010 1515 3061 maris,
1538 3025 1632 3066 quae
1651 3008 1954 3052 evidentissime
1975 3025 2001 3051 a

292 3081 437 3122 Terris
458 3083 791 3139 contingentibus
811 3092 948 3125 ortum
967 3083 1159 3134 habeant,
1183 3084 1412 3139 cujusmodi
1433 3092 1529 3126 sunt
1548 3093 1673 3125 aestus
1693 3083 1760 3125 vel
1780 3083 2001 3124 vehemen-

2077 3404 2092 3470 -ἑ
2086 3377 2092 3394 Α
2090 3322 2092 3367 -μ,
2090 3303 2092 3311 ᾼ
2089 3249 2092 3284 ,ΔΛ
2090 3231 2092 3240 -
2090 3190 2092 3217 *M
