2092 3470
242 252 296 288 50
636 246 1085 290 PHILOSOPHIAE
1116 247 1476 291 NATURALIS
1519 248 1614 300 [DE
1632 247 1794 289 Mum).
1813 246 1934 288 SYsr.

244 361 307 403 Ut
327 361 360 402 si
381 359 589 415 aphelium
611 361 762 404 Martis
782 363 826 404 in
846 362 963 404 annis
984 370 1149 404 centum
1168 362 1359 404 conficiat
1381 364 1458 404 33¹.
1481 363 1563 404 20⁶
1583 363 1627 403 in
1647 360 1938 418 consequentia

242 440 432 485 respectu
460 431 650 483 fixarum,
681 433 844 488 aphelia
874 434 1032 483 Terrae,
1065 434 1253 482 Veneris,
1286 441 1327 474 et
1348 433 1550 474 Mercurii
1569 434 1613 474 in
1633 433 1750 474 annis
1771 439 1937 473 centum

244 501 463 543 conficient
494 504 570 546 17'.
603 504 694 553 4o‘',
730 505 808 554 lo',
841 505 935 553 53¹ss
967 511 1008 544 et
1037 506 1089 544 4¹.
1120 505 1198 546 16ΙΙ
1224 503 1461 559 respective.
1541 504 1597 544 Et
1629 503 1674 544 hi
1702 502 1938 553 motuskob

243 572 499 627 parvitatem,
522 572 787 630 negliguntur
806 573 851 614 in
869 572 948 614 hac
971 573 1272 628 Propositione.

600 753 977 795 PROPOSITIO
1009 753 1109 795 XV.
1171 753 1516 796 PROBLEMA
1546 755 1584 797 I.

662 881 849 922 Invenire
867 879 1016 920 orbium
1027 881 1278 934 principales
1298 881 1520 921 diametros.

275 1003 280 1011 .
303 1023 527 1078 Capiendae
538 1031 638 1064 sunt
656 1023 724 1063 hae
743 1022 788 1062 in
807 1021 966 1063 ratione
995 1021 1356 1078 subsesquiplicatae'i
1377 1030 1611 1077 temporum
1624 1021 1941 1077 periodicorum,

243 1107 319 1148 per
341 1093 466 1148 Prop.
489 1093 589 1134 XV.
613 1093 706 1134 Lib.
729 1091 763 1134 Ι.
826 1091 876 1147 (¹³)
899 1092 1065 1134 Deinde
1086 1093 1290 1149 sigillatim
1313 1091 1513 1148 augendae
1533 1092 1577 1133 in
1597 1092 1754 1133 ratione
1775 1105 1946 1132 summae

244 1179 471 1205 massarum
517 1164 623 1205 Solis
658 1170 702 1204 et
732 1163 911 1217 planetae
951 1164 1145 1219 cujusque
1183 1162 1426 1204 revolventis
1468 1162 1522 1204 ad
1560 1162 1737 1217 primam
1771 1161 1948 1202 duarum

247 1219 379 1281 medie
414 1233 784 1289 proportionalium
819 1233 925 1274 inter
956 1248 1156 1275 summam
1186 1233 1299 1275 illam
1332 1240 1373 1274 et
1405 1233 1556 1284 Solem,
1586 1248 1662 1288 per
1695 1234 1821 1287 Prop.
1844 1231 1945 1274 LX.

248 1304 342 1346 Lib.
365 1304 399 1345 Ι.

585 1437 963 1513 PROPOSITIO
994 1469 1118 1512 XVI.
1181 1468 1523 1511 PROBLEMA
1553 1469 1611 1511 ΙΙ.

634 1598 822 1638 Invenire
841 1598 990 1638 orbium
1012 1597 1318 1638 eccentrz’citates
1337 1603 1375 1638 et
1395 1597 1569 1649 aphelia.

308 1740 355 1794 (⁶)
389 1739 610 1782 Problema
631 1741 759 1781 confit
777 1755 853 1795 per
875 1740 1002 1795 Prop.
1025 1740 1197 1782 XVIII.
1219 1740 1312 1782 Lib.
1336 1740 1374 1782 Ι.

293 1864 336 1906 (l’)
353 1863 472 1896 Deinde
486 1865 650 1904 sigillatim.
687 1863 762 1895 Jam
776 1863 857 1903 capti
872 1869 945 1894 sunt
959 1864 1081 1895 orbium
1122 1864 1261 1895 tex-sectio
1286 1868 1396 1897 horum
1421 1863 1515 1894 trium
1537 1872 1666 1893 arcuum
1688 1861 1745 1892 erit
1767 1861 1843 1892 alter
1864 1860 1953 1908 focus

249 1917 322 1938 axes
342 1908 472 1947 majores
486 1907 519 1936 in
533 1908 651 1937 ratione
670 1905 943 1946 subsesquiplicata
963 1913 1081 1946 tempo-
1124 1907 1273 1945 ellipseos,
1296 1919 1358 1949 quo
1371 1909 1496 1938 invento
1510 1906 1607 1936 orbita
1621 1905 1752 1944 planetae
1767 1903 1952 1934 determina-

250 1959 321 1979 rum
341 1949 575 1988 pet-indicorum,
598 1947 710 1987 nempe
732 1947 820 1978 nulla
841 1947 943 1979 habita
966 1949 1082 1980 ratione
1124 1949 1216 1986 bitur,
1239 1951 1392 1991 simulque
1412 1948 1534 1980 dabitur
1554 1947 1697 1978 distantia
1717 1946 1796 1978 Solis
1815 1956 1834 1976 a
1847 1951 1953 1976 centro

249 2001 429 2028 massarum,
453 1991 583 2030 planetae
605 1990 731 2030 spectati
747 1997 824 2020 sunt
844 1997 990 2031 tanquam
1009 1992 1081 2021 toti-

251 2034 323 2064 dem
338 2039 453 2071 puncta
466 2034 500 2062 in
514 2033 672 2072 ellipsibus
686 2033 765 2062 circa
786 2033 950 2063 immotum
966 2034 997 2063 in
1013 2044 1083 2063 um-

250 2075 341 2105 bilico
360 2074 438 2105 Solis
452 2081 592 2105 centrum
606 2075 799 2116 revolventia.
839 2075 997 2110 Quoniam
1011 2075 1084 2106 vero

251 2117 287 2148 fit
309 2123 343 2147 ut
365 2123 489 2155 propter
506 2117 584 2147 Solis
605 2124 636 2147 et
655 2117 786 2156 planetae
800 2117 935 2147 actiones
948 2124 1081 2156 mutuas,

253 2160 377 2199 planeta
398 2159 530 2198 ellipsim
551 2159 701 2190 describat
722 2160 810 2199 cujus
824 2159 912 2190 focus
934 2166 979 2190 est
999 2170 1083 2190 com-

251 2211 347 2231 mune
362 2201 518 2241 gravitatis
532 2208 671 2232 centrum
687 2201 818 2241 planetae
832 2207 864 2231 et
881 2202 968 2237 solis,
985 2203 1084 2243 major

252 2244 318 2274 axis
332 2243 471 2282 ellipseos
481 2243 576 2283 quam
590 2244 713 2283 planeta
727 2243 868 2274 describit
882 2243 963 2275 circa
980 2244 1084 2275 Solem

253 2286 308 2326 qui
330 2285 394 2325 ipse
417 2286 510 2315 simul
534 2286 700 2317 revolvitur
724 2285 805 2317 circa
825 2296 990 2317 commune
1010 2292 1081 2317 ce'n-

253 2334 335 2358 trum
358 2328 523 2368 gravitatis,
546 2335 591 2359 est
610 2328 649 2359 ad
669 2338 759 2358 axem
781 2330 928 2370 majorem
943 2329 1084 2368 ellipseos

254 2380 349 2412 quam
363 2370 445 2400 idem
461 2370 583 2409 planeta
597 2370 675 2401 circa
694 2370 797 2401 Solem
811 2371 1018 2411 quiescentem
1032 2381 1084 2402 eo-

255 2414 327 2443 dem
347 2419 484 2452 tempore
505 2413 660 2452 periodico
674 2412 842 2443 describere
857 2421 965 2452 posset,
988 2414 1021 2443 in
1035 2424 1083 2444 ra-

255 2456 339 2486 tione
367 2465 497 2485 summae
524 2465 694 2485 massarum
721 2455 800 2485 Solis
827 2461 858 2485 et
886 2456 1017 2495 planetae
1044 2456 1085 2486 ad

256 2498 387 2537 primam
412 2497 545 2528 duarum
573 2497 675 2528 medie
703 2497 977 2536 proportionalium
1005 2498 1086 2528 inter

256 2540 517 2577 summamillam
539 2546 570 2570 et
594 2539 696 2570 Solem
713 2539 823 2580 (Prop.
844 2540 919 2569 LX.
946 2540 1017 2571 Lib.
1036 2540 1083 2579 1.)

256 2580 388 2623 ideoque
403 2587 438 2612 ut
451 2582 516 2612 axis
529 2582 627 2623 major
647 2581 753 2612 orbitae
767 2581 944 2622 corrigatur,
968 2593 1085 2623 augen-

257 2624 315 2654 dus
330 2631 374 2655 est
387 2625 420 2654 in
435 2623 517 2655 dicta
532 2625 658 2654 ratione.
707 2624 810 2654 Datur
828 2630 931 2654 eutem
946 2625 1022 2655 ratio
1037 2626 1084 2654 in-

258 2673 303 2696 ter
317 2677 430 2697 massas
449 2667 527 2698 Solis
541 2673 571 2697 et
585 2666 787 2706 planetarum,
804 2676 839 2696 ac
853 2666 981 2705 proinde
995 2667 1085 2698 datur

258 2709 333 2739 ratio
348 2709 380 2750 in
395 2708 457 2750 qua
471 2709 639 2743 orbitarum
653 2718 724 2739 axes
738 2709 868 2750 majores
882 2715 954 2739 sunt
969 2719 1085 2750 augen-

259 2750 300 2780 di.
349 2751 428 2781 Vide
443 2752 481 2782 de
495 2753 544 2782 his
558 2758 620 2782 not.
640 2754 690 2781 64.
708 2751 801 2791 hujus
819 2751 914 2781 Libri.

258 2829 262 2832 ⁴
302 2792 346 2833 (ε)
363 2796 413 2824 75.
433 2797 450 2813 '¹‘
469 2795 627 2826 Problenuz
641 2795 740 2837 confit.
788 2793 834 2824 Sit
850 2793 872 2824 S
889 2793 950 2830 Sol,
966 2793 1086 2834 sintque

259 2834 390 2873 planetae
405 2835 471 2866 loca
485 2836 543 2867 tria
561 2836 598 2873 P,
615 2847 645 2875 p,
662 2847 686 2866 -t
701 2846 718 2865 e
735 2836 806 2867 Sole
821 2835 892 2873 visa,
915 2842 945 2866 et
964 2836 1034 2866 data
1048 2837 1088 2867 sit

258 2882 341 2906 recta
358 2877 385 2906 B
405 2878 430 2906 A
457 2879 521 2908 axis
540 2879 637 2920 major
652 2877 800 2917 ellipseos,
816 2878 1001 2908 describatur
1017 2882 1086 2919 (per
1531 2874 1556 2912 -ἶ

262 2918 355 2957 Prop.
378 2919 509 2950 XVIIl.
528 2921 597 2951 Lib.
619 2920 664 2959 Ι.)
687 2921 800 2960 ellipsis
819 2920 908 2961 cujus
921 2921 1087 2951 umbilicus

260 2967 307 2991 est
323 2960 344 2990 S
360 2966 390 2990 et
404 2962 468 2991 axis
482 2963 578 3002 major
596 2963 625 2993 A
641 2963 678 2998 B,
694 2963 777 3002 quod
792 2962 835 2998 fit,
851 2963 877 2992 si
891 2973 928 2993 ex
944 2973 1000 2993 axe
1016 2963 1042 2993 B
1056 2964 1087 2993 A
1132 2965 1282 3004 ellipseos,
1311 2967 1369 2997 hoc
1394 2972 1449 3002 est,
1472 2964 1691 3002 excentricitas,
1715 2967 1885 3003 notumque
1904 2963 1963 2995 erit

261 3003 424 3033 demantur
440 3003 646 3043 longitudines
664 3005 685 3035 S
699 3005 738 3040 P,⁴
756 3006 815 3045 Sp,
835 3005 856 3035 S
867 3018 891 3036 π
905 3011 935 3035 et
950 3004 1024 3035 cum
1038 3015 1086 3036 re—
1132 3008 1273 3047 ellipseos
1297 3015 1449 3049 punctum
1464 3019 1482 3039 a
1499 3008 1570 3039 Sole
1590 3005 1839 3042 remotissimum,
1859 3004 1891 3036 id
1905 3013 1960 3044 est,

261 3045 357 3077 siduis
372 3054 459 3075 arcus
474 3055 510 3076 ex
525 3047 646 3085 punctis
663 3047 700 3084 P,
716 3058 744 3087 p,
762 3059 787 3079 a·
800 3047 1017 3085 describantur,
1040 3047 1088 3078 in-
1105 3083 1109 3087 ¹
1132 3049 1297 3090 aplielium.
