2092 3470
197 232 344 274 Lmen
361 231 599 282 TER-rius]
642 228 961 272 PRINCIPIA
992 228 1482 274 MATHEMATICA.

1834 233 1888 274 57

193 354 236 388 et
255 346 363 387 filius
381 345 467 400 ejus
488 343 647 385 addidit
658 343 901 385 ,distantiam
920 343 973 385 ab
992 342 1274 384 observatorio
1292 343 1347 384 ad
1369 351 1524 386 turrem
1543 346 1657 387 urbis
1676 343 1888 388 Dunkirk„

194 415 404 458 Distantia
419 421 508 456 tota
525 421 617 455 erat
633 413 945 468 hexapedarum
973 417 1170 470 486156315
1189 420 1236 455 et
1253 412 1484 456 differentia
1501 415 1763 458 latitudinum
1781 415 1891 457 villae

193 552 330 583 vationes
342 549 404 579 illae
417 559 494 589 quas
507 548 640 580 instituit
653 548 794 579 Pioertus
803 559 822 579 a
833 547 1022 587 Malvoisina

193 594 234 625 ad
257 591 459 628 som-donem,
474 591 518 622 ita
530 598 567 622 ut
580 601 664 621 error
685 588 749 621 12''.
767 590 925 627 duntaxat,
942 591 1023 622 inter

192 637 270 667 duas
283 633 508 666 observationes
520 633 750 665 distribuendus
763 639 942 672 superesset.

236 677 288 720 (§)
303 680 321 698 *
336 678 481 709 cassinus
494 678 594 707 senior
603 678 790 707 mensuravit
801 678 976 707 distantiam
987 677 1023 707 in

192 722 360 752 meridiano
373 730 393 749 α
407 718 478 750 vind
495 720 641 750 Collioure
654 720 695 748 ad
711 720 942 750 obser-vacariam
958 720 1023 750 Pa-

191 765 314 794 risiense
322 777 334 799 ,·
343 763 465 804 exfilius
475 763 590 792 addidit
597 762 776 792 distantiam
784 762 822 792 ab
833 762 1023 793 observator-io

192 807 234 836 ad
247 806 359 836 turrim
372 805 457 835 urbis
471 805 629 835 Dunkirk.

237 850 255 867 ¹*
274 847 344 877 Has
357 846 435 876 duas
448 856 608 876 mensuras
621 845 656 875 in
669 854 765 876 unam
778 854 933 876 summam
948 854 1022 876 con-

151 910 157 912 .
187 889 258 931 jicit
280 890 461 923 Newtonus,
484 888 557 928 quia
577 887 652 918 cum
669 888 815 919 Cassinus
833 888 934 918 senior
951 897 1022 928 gra.-

193 933 270 962 dum
283 931 430 971 majorem
441 930 536 970 quam
549 931 689 961 Pieartus
702 930 861 967 invenerit,
877 929 1024 961 eminus

192 974 278 1004 filius
301 976 464 1010 minorem,
490 973 663 1013 conjuncfis
690 972 844 1002 mensuris
867 972 1024 1003 obtinetur

193 1016 308 1057 gradus
321 1015 483 1046 mediocris
497 1014 635 1054 proxime
647 1014 773 1055 aequalis
786 1024 940 1044 mensurae
953 1024 1023 1055 gra-

193 1059 254 1089 dns
273 1069 293 1089 a
313 1058 438 1088 Picarto
456 1058 628 1098 assignatae,
643 1066 738 1097 quem
753 1061 787 1087 ut
800 1056 934 1098 gradum
950 1056 1023 1087 Tel.

193 1101 280 1138 luris,
303 1106 341 1130 ut
365 1099 519 1139 sphaericae
543 1099 749 1135 consideratae,
776 1099 904 1129 assumit
930 1099 1025 1130 New-

193 1149 295 1178 tonus,
318 1142 426 1172 verum
443 1142 495 1172 hic
513 1142 579 1172 duo
599 1148 673 1172 sunt
691 1141 836 1178 notando,
864 1141 909 1172 10.
927 1142 1026 1173 utitur

195 1186 228 1216 N
230 1192 369 1216 ewtonus
381 1184 440 1215 isto
454 1185 553 1225 gradu
567 1184 713 1215 mediocri
728 1184 814 1225 quasi
829 1184 908 1215 foret
922 1194 1025 1225 aequa-

192 1228 269 1258 toris
282 1227 406 1268 gradus,
422 1228 476 1267 qui
490 1227 617 1268 quidem
630 1226 688 1257 isto
702 1227 801 1267 major
814 1232 869 1262 est,
885 1226 939 1257 sed
953 1226 1026 1257 inde

194 1280 306 1309 parum
326 1275 465 1300 mutatur
489 1279 620 1309 sequens
639 1269 778 1299 calculus
796 1274 832 1299 ut
851 1268 980 1309 liquebit
999 1269 1026 1299 si

194 1312 339 1343 eumdem
358 1312 555 1342 instituamus
574 1319 732 1350 assumpto
752 1311 849 1351 gradu
865 1311 1027 1351 aequatoris

193 1355 253 1385 isto
266 1355 392 1396 majore,
407 1364 436 1383 v.
454 1364 500 1394 gr.
515 1357 620 1385 57226
636 1355 704 1383 hex.
724 1359 761 1383 ut
775 1352 978 1384 deduceretur
987 1362 1026 1383 ex

193 1396 313 1427 theoria
326 1397 422 1436 ipsius
438 1396 604 1434 Newtoni;
625 1401 657 1426 et
670 1395 802 1436 gradum
815 1395 849 1425 in
860 1398 912 1426 45.
926 1394 1027 1437 gradu

194 1439 336 1470 faciendo
349 1442 456 1470 57100
469 1440 538 1468 hex.
556 1458 563 1463 -

238 1481 287 1511 20.
315 1480 555 1522 Distinguendae
576 1486 650 1510 sunt
663 1479 890 1510 observationes
905 1479 1028 1511 Cassini

195 1523 325 1565 senioris
338 1530 370 1554 et
383 1523 439 1553 filii
451 1535 461 1561 ;
483 1524 550 1553 haec
566 1522 649 1553 enim
670 1528 793 1562 propter
806 1522 1028 1553 aberrationem

194 1566 274 1596 lucis
287 1565 475 1596 correctione
492 1565 621 1606 indiget,
643 1573 787 1595 mensura
801 1563 873 1595 vero
888 1564 932 1594 ill.
951 1565 1027 1595 Cas-

195 1609 256 1639 sini
284 1607 384 1639 Patris
405 1619 425 1638 a
444 1606 520 1638 villa
539 1606 697 1638 Collioure
716 1606 756 1636 ad
776 1607 1025 1644 observatorium,

195 1660 302 1681 areium
316 1650 471 1681 coelestem
480 1649 529 1681 60.
545 1649 600 1680 18’.
620 1649 688 1680 57”.
706 1648 843 1679 continet
857 1654 888 1679 et
901 1657 1027 1688 respon-

195 1693 248 1723 det
261 1692 426 1732 hexapedis
440 1695 575 1723 560614.
592 1691 647 1733 (ad
660 1692 754 1721 maris
768 1690 903 1721 libellam
918 1691 1027 1721 reduc-

159 1747 165 1753 ·
194 1735 235 1766 tis
248 1735 415 1774 mensuris)
436 1734 522 1765 unde
535 1735 650 1776 gradus
663 1733 700 1764 fit
715 1737 818 1765 57097
838 1734 908 1764 hex.
926 1733 1028 1763 verifi-

196 1783 272 1808 catae
292 1783 367 1808 sunt
386 1786 540 1808 mensura}
554 1777 588 1806 in
600 1782 732 1817 utroque
746 1781 893 1812 extremo,
915 1785 974 1806 nee
995 1776 1029 1806 in

195 1820 234 1850 iis
242 1819 348 1861 gravis
361 1829 446 1850 error
459 1825 505 1850 est
518 1819 712 1854 metuendus
729 1817 803 1849 cum
817 1817 888 1857 apte
899 1827 1027 1848 eonsen-

197 1863 292 1894 serint
315 1862 543 1903 triangulorum
567 1861 679 1892 calculi
701 1868 775 1891 cum
796 1860 915 1891 ultimis
939 1860 1030 1891 lineis

197 1915 252 1936 seu
273 1905 396 1935 basibus
416 1910 488 1936 actu
508 1905 712 1941 mensuratis;
735 1912 819 1934 error
833 1902 905 1934 vero
918 1903 973 1943 qui
994 1903 1028 1933 in

198 1947 408 1978 observatione
438 1947 555 1977 coelesti
583 1955 742 1977 occurrere
769 1951 876 1985 potest,
913 1945 1029 1986 singuli

198 1988 312 2029 gradus
332 1998 509 2020 mensuram
529 1987 641 2027 parum
661 1988 816 2024 immutat,
835 1987 910 2028 quia
927 1987 962 2017 in
976 1997 1029 2018 sex

198 2031 312 2072 gradus
337 2037 369 2061 et
391 2031 472 2061 ultra
497 2030 710 2068 distribuitur3
733 2029 807 2059 cum
828 2029 900 2060 vero
922 2029 1031 2060 iisdem

199 2074 274 2104 anni
287 2074 477 2112 temporibus
490 2071 554 2103 tam
568 2072 702 2102 Lutetiae
715 2071 809 2112 quam
825 2072 858 2101 in
869 2071 943 2101 villa
957 2072 1028 2102 Col-

199 2116 298 2146 lioure
318 2116 542 2146 observationes
566 2114 714 2145 institutae
736 2113 859 2149 fuerint,
882 2114 1031 2144 aberratio

200 2157 279 2188 lucis
300 2158 457 2188 calculum
481 2156 570 2187 arcus
591 2156 721 2187 coelestis
742 2166 806 2185 non
834 2155 1026 2186 immutavit:

199 2201 272 2231 hinc
286 2200 320 2229 in
330 2200 468 2230 numeris
481 2198 628 2239 proximis
638 2197 779 2228 rotundis
792 2198 906 2238 gradus
919 2198 952 2227 in
963 2197 1033 2228 lati-

200 2243 310 2274 tudine
325 2242 480 2283 graduum
500 2244 662 2273 45.57100
676 2242 756 2271 hexa
872 2250 906 2270 m
919 2239 1034 2270 assumi

202 2291 302 2325 potest
315 2284 389 2315 satis
402 2283 481 2314 tute.

244 2327 294 2358 30.
315 2326 430 2362 Quoad
443 2325 666 2357 observationes
680 2324 725 2355 ill.
743 2324 863 2356 Cassini
877 2323 943 2359 filii,
959 2322 1035 2354 cum

203 2370 284 2400 inter
299 2372 348 2400 15.
367 2369 391 2400 J
391 2368 450 2399 ulii
463 2375 494 2399 et
508 2372 538 2398 4.
559 2369 643 2407 Sept.
661 2368 751 2398 factae
764 2367 882 2398 fuerint
895 2368 1036 2397 observa·

204 2412 302 2444 tiones
315 2411 451 2442 coelestes
465 2411 578 2451 quibus
587 2410 841 2440 determinaretur
855 2419 943 2440 arcus
957 2409 1037 2440 inter

204 2455 306 2485 zenith
321 2453 405 2484 urbis
423 2453 570 2483 Dunkirk
584 2458 615 2483 et
629 2452 823 2483 observatorii
837 2452 1034 2491 interceptus,

206 2496 403 2527 aberrationis
430 2495 577 2526 correctio
605 2494 667 2524 illis
695 2501 742 2525 est
765 2494 939 2525 adhibenda
966 2503 1037 2534 quae

206 2545 282 2569 tunc
306 2538 451 2577 temporis
468 2537 609 2567 nondum
623 2543 687 2569 erat
701 2537 846 2576 cognita3
869 2535 977 2566 verum
999 2535 1037 2565 il.

207 2580 270 2611 lam
290 2580 508 2610 correctionem
529 2578 729 2610 neeessariam
750 2589 814 2609 esse
835 2577 921 2609 tant&
934 2578 1039 2609 minus

207 2622 341 2654 dubium
353 2627 407 2658 est,
422 2621 506 2662 quod
520 2620 593 2652 cum
609 2622 634 2651 is
647 2632 736 2652 arcus
749 2631 804 2660 per
814 2620 1039 2653 observationes

207 2664 304 2696 stellae
317 2677 340 2703 γ
354 2664 506 2694 Draconis
516 2663 610 2694 fuerit
620 2663 848 2700 determinatus,
861 2664 928 2705 ejus
942 2662 1038 2701 ipsius

209 2706 305 2739 stellae
319 2706 467 2736 aberratio
488 2707 527 2736 ab
547 2705 590 2736 iu.
612 2706 759 2737 Bradleio
773 2706 867 2736 fuerit
882 2707 1039 2736 observata

211 2748 287 2791 (vid.
306 2748 415 2778 Trans.
437 2747 518 2778 Phil.
537 2748 610 2778 Vol.
630 2748 783 2780 XXXV.
806 2758 876 2788 pag.
895 2747 986 2786 657.)
1009 2753 1040 2778 et

210 2791 386 2831 nuperrime
405 2800 424 2820 a
443 2790 486 2820 D.
504 2790 534 2820 le
556 2790 725 2828 Monnier.;
757 2790 944 2829 immediatis
965 2799 1040 2830 ergo

210 2832 428 2874 experimentis
450 2838 569 2862 constat
591 2833 658 2873 ejus
681 2833 779 2863 stellae
803 2831 1040 2863 declinationem

210 2875 318 2917 augeri
346 2886 365 2905 a
392 2884 497 2905 mense
519 2874 607 2905 Julio
629 2874 667 2904 ad
693 2875 911 2914 Septembrem,
938 2875 981 2905 ita
1004 2880 1041 2904 ut

211 2917 286 2949 eum
309 2917 443 2948 Lutetiae
465 2915 563 2946 seritis
583 2917 739 2947 observata
752 2917 801 2953 sit,
820 2917 879 2958 113}
899 2916 1041 2947 secundis

1062 549 1162 580 fixum
1176 550 1261 590 quod
1273 550 1308 580 in
1321 551 1398 580 urbe
1411 549 1559 580 Dunkirk
1568 550 1669 582 fuerat
1679 553 1890 595 obsfflvm3

1063 592 1147 623 unde
1166 591 1241 622 cum
1261 602 1301 622 ex
1322 591 1466 623 distantia
1486 602 1505 622 a
1525 592 1627 622 zenith
1642 592 1777 626 Lutetiae
1790 596 1892 628 detm-
1950 600 1958 608 ⁸

1063 636 1155 665 hatur
1176 634 1322 665 distantia
1344 633 1486 676 ejusdem
1510 634 1612 666 stessae
1637 644 1657 664 a
1678 636 1780 667 zenith
1807 640 1893 671 urbis

1067 676 1227 714 Dunkirk‚
1249 686 1339 707 arcus
1359 676 1501 707 residuus
1521 675 1582 706 illis
1603 676 1665 718 11}
1681 687 1739 709 see.
1758 685 1803 710 est
1820 691 1878 712 mu

1064 718 1187 756 nudus,
1203 724 1235 749 et
1248 718 1322 750 cnm
1335 719 1496 750 residuum
1508 718 1661 749 invenerit
1679 719 1724 750 in.
1746 720 1893 755 Cassinus

1066 761 1115 792 20.
1133 761 1188 792 12‘.
1207 761 1278 802 95¹2
1296 767 1342 792 est
1355 760 1550 792 reducendus
1567 761 1609 791 ad
1628 760 1677 792 2⁰.
1698 762 1752 793 11¹.
1770 763 1839 801 58⁸,
1861 771 1893 796 et

1063 803 1137 835 ciim
1162 803 1190 834 is
1210 814 1300 834 arcus
1323 805 1447 836 125454
1466 801 1630 842 hexapedis
1651 804 1834 844 respondere
1854 809 1893 838 ab

1063 847 1108 878 ill.
1136 848 1258 878 Autore
1281 852 1443 885 statuatur,
1469 854 1558 877 arms
1585 846 1682 877 unius
1703 847 1818 888 gindus
1841 849 1894 880 fiet

1063 890 1133 920 hex.
1148 892 1265 921 57038.
1283 892 1303 920 5
1318 889 1387 928 ped.

1109 930 1229 962 Verum
1253 931 1357 962 minor
1384 930 1538 962 dissensus
1564 929 1646 961 inter
1672 932 1895 964 observationes

1064 974 1109 1004 iu.
1131 973 1250 1005 Cassini
1263 973 1319 1004 filii
1337 980 1368 1004 et
1389 974 1446 1004 ‹1¹¹¹-
1460 973 1500 1004 de
1523 972 1719 1012 Maupertuis
1738 977 1895 1014 apparebit

1065 1016 1090 1047 si
1110 1016 1293 1054 attendatur,
1316 1022 1435 1055 partem
1455 1015 1540 1046 illius
1553 1014 1706 1046 dissensus
1720 1017 1791 1047 oriri
1806 1028 1842 1047 ex
1858 1028 1895 1048 eo

1065 1058 1159 1099 quad,
1179 1059 1256 1089 dum
1270 1058 1422 1089 mensuris
1439 1057 1555 1089 Piceni
1572 1063 1741 1096 uterentur,
1763 1059 1897 1091 diversas

1066 1103 1133 1143 ejus
1146 1101 1374 1141 triangulorum
1387 1101 1480 1131 series
1497 1099 1708 1139 adoptaverint
1719 1113 1730 1139 ;
1751 1112 1846 1143 quare
1860 1109 1897 1133 ut

1067 1143 1264 1174 conferantur
1284 1153 1391 1173 eorum
1410 1143 1543 1180 inventa,
1561 1142 1744 1173 reducendae
1757 1151 1830 1175 sunt
1843 1154 1896 1175 eo-

1067 1196 1140 1216 rum
1159 1186 1390 1224 supputationes
1404 1185 1492 1226 quasi
1512 1184 1623 1215 eadem
1636 1186 1713 1216 sen'e
1727 1187 1896 1227 triangulo-

1067 1238 1139 1259 rum
1155 1227 1271 1258 Picarti
1289 1234 1450 1258 uterentur
1467 1228 1576 1258 ambo:
1603 1237 1630 1258 v-
1648 1238 1694 1268 gr.
1708 1235 1898 1268 supponatur

1067 1277 1236 1311 utrumque
1250 1270 1447 1309 assumpsisse
1461 1279 1530 1300 eam
1543 1269 1653 1300 seriem
1668 1270 1897 1311 triangulorum

1068 1323 1162 1354 quam
1179 1314 1246 1353 ipse
1267 1313 1409 1343 Pieartus
1423 1311 1555 1348 admisit,
1578 1313 1632 1342 sed
1647 1312 1687 1342 ad
1704 1313 1898 1344 Sourdonem

1068 1365 1177 1396 usque,
1199 1360 1231 1385 et
1251 1354 1324 1386 inde
1347 1355 1435 1397 (quia
1454 1354 1499 1384 iu.
1520 1354 1667 1384 Cassinus
1687 1355 1816 1394 propriis
1834 1355 1898 1385 suis

1067 1397 1232 1438 triangulis
1251 1397 1427 1428 distantiam
1440 1406 1460 1427 a
1476 1396 1635 1427 Sourdone
1649 1396 1690 1427 ad
1707 1397 1899 1428 Ambianum

1069 1440 1295 1480 determinavit)
1319 1445 1492 1470 assumatur
1515 1448 1553 1469 ea
1573 1438 1718 1470 distantia
1741 1439 1839 1479 qualis
1859 1449 1899 1470 ex

1069 1483 1233 1523 triangulis
1253 1482 1298 1512 ill.
1320 1481 1440 1512 cassini
1453 1479 1660 1512 deduceretur
1673 1481 1699 1511 si
1721 1482 1816 1512 modo
1835 1481 1898 1521 pri-

1069 1525 1116 1556 ori
1140 1526 1218 1556 serie
1237 1535 1312 1555 usus
1332 1524 1451 1559 fuisset,
1473 1529 1504 1554 et
1523 1522 1642 1564 reliqua
1659 1523 1726 1564 ejus
1744 1523 1900 1564 triangula

1068 1577 1167 1608 usque
1180 1567 1220 1598 ad
1234 1568 1343 1598 urbem
1363 1565 1512 1597 Dunkirk
1525 1565 1560 1595 in
1573 1565 1682 1595 eedem
1704 1567 1900 1605 proportione

1068 1615 1261 1651 augeantur3
1282 1609 1355 1639 hinc
1369 1608 1426 1638 iste
1439 1614 1576 1648 emerget
1590 1607 1737 1639 calculus-

1114 1651 1223 1683 Primo
1237 1657 1302 1682 tota
1312 1650 1456 1681 distantia
1466 1649 1546 1679 inter
1555 1648 1717 1688 parallelos
1726 1651 1899 1680 observato-

1069 1694 1108 1725 rii
1116 1700 1148 1724 et
1158 1693 1327 1725 Sourdonis
1335 1693 1394 1723 erit
1400 1702 1439 1722 ex
1451 1692 1574 1722 Picarto
1582 1710 1598 1717 -
1609 1695 1713 1724 49926
1723 1692 1792 1723 hex.
1801 1696 1821 1723 8
1830 1691 1899 1732 ped.

1114 1735 1280 1774 Secundo;
1314 1734 1458 1766 distantia
1485 1735 1566 1765 inter

1069 1778 1231 1820 parallelos
1252 1777 1421 1810 sourdonis
1438 1782 1470 1807 et
1485 1778 1567 1806 Am-

1069 1821 1219 1863 bianipst
1233 1832 1270 1852 ex
1288 1821 1416 1851 Cassino
1439 1818 1567 1860 1059}

1069 1866 1140 1896 hex.
1165 1862 1322 1902 assumpta
1345 1862 1411 1894 basi
1441 1861 1566 1902 7116&

1070 1907 1126 1939 sed
1138 1907 1173 1938 in
1187 1906 1284 1938 altera
1300 1905 1377 1936 serie
1395 1904 1567 1945 triangulo-

1070 1971 1142 1992 rum
1156 1961 1264 1992 eadem
1278 1960 1363 1991 ωε
1371 1965 1437 1990 erat
1457 1948 1568 1998 7122}

1071 2004 1144 2035 hinc
1158 2001 1316 2042 assumpta
1333 2003 1392 2032 hae
1410 1999 1565 2036 mensura,

1071 2046 1217 2077 distantia
1239 2045 1344 2085 par-all.
1369 2044 1450 2074 inter
1473 2043 1568 2073 Sour-

1072 2089 1186 2119 donem
1200 2094 1232 2118 et
1248 2088 1441 2118 Ambianum
1455 2095 1494 2115 ex
1513 2084 1566 2114 tri-

1072 2131 1197 2171 angulis
1217 2130 1261 2160 iu.
1278 2129 1398 2161 cassini
1410 2128 1468 2157 erit
1507 2145 1523 2151 -
1560 2143 1576 2150 -
1608 2128 1708 2157 10547
1721 2126 1819 2157 hex.4
1829 2125 1899 2165 ped.

1118 2173 1200 2203 Tota
1223 2181 1298 2212 ergo
1321 2169 1465 2202 distantia
1490 2168 1569 2198 inter

1074 2215 1236 2254 parallelos
1258 2214 1428 2245 Sourdonis
1441 2218 1473 2242 et
1489 2212 1568 2240 Am-

1075 2257 1158 2289 biani
1172 2257 1231 2287 erit
1626 2254 1731 2283 60474
1766 2271 1781 2278 -
1820 2255 1834 2282 1

1122 2299 1229 2330 Tertio
1250 2298 1392 2329 distantia
1412 2297 1492 2326 inter
1518 2294 1678 2333 parallelos
1702 2294 1849 2324 Ambiani
1872 2300 1904 2325 et

1076 2342 1161 2373 urbis
1178 2341 1326 2372 Dunkirk
1340 2346 1386 2371 est
1398 2348 1438 2370 ex
1449 2336 1577 2368 cassino
1585 2340 1689 2368 65109
1703 2337 1774 2366 hex.
1794 2339 1807 2366 1
1822 2336 1902 2375 ped,

1078 2393 1235 2433 supposita
1256 2393 1319 2423 basi
1350 2395 1384 2424 71
1395 2383 1469 2433 ΙΘ-ἑ,
1498 2390 1525 2420 si
1549 2399 1624 2430 ergo
1651 2396 1842 2429 supponatur
1868 2399 1906 2420 ea

1077 2437 1160 2466 linea
1182 2434 1291 2477 7122}
1310 2434 1364 2465 fiet
1384 2432 1527 2465 distantia
1545 2432 1626 2463 inter
1643 2431 1803 2472 parallelos
1827 2432 1906 2462 Am-

1078 2478 1161 2509 biani
1171 2484 1201 2509 et
1213 2479 1296 2508 urbis
1309 2477 1457 2508 Dunkirk
1468 2485 1506 2507 ex
1518 2474 1571 2506 tri-

1079 2520 1202 2558 angulis
1217 2521 1260 2550 ill.
1281 2520 1410 2551 Cassini.
1475 2536 1491 2544 —
1546 2535 1562 2542 -
1612 2519 1718 2549 65162
1727 2515 1899 2556 hex-5ped

1133 2562 1214 2593 Tota
1249 2571 1324 2602 ergo
1352 2559 1496 2591 distantia
1523 2559 1573 2589 in-

1076 2612 1123 2636 ter
1165 2603 1415 2635 observatorium
1451 2609 1482 2632 et
1523 2611 1578 2640 pa-

1077 2646 1219 2678 rallelum
1241 2645 1326 2676 urbis
1353 2644 1502 2676 Dunkirk
1526 2643 1581 2674 flet
1618 2646 1742 2674 125636
1769 2661 1781 2669 -
1803 2645 1824 2672 4

1077 2695 1110 2721 et
1130 2687 1273 2720 detractis
1287 2692 1338 2719 98.
1350 2688 1420 2718 hex.
1437 2697 1493 2726 pro
1506 2685 1582 2716 loeis

1078 2731 1326 2764 observationum
1348 2729 1526 2773 coelestium·
1538 2734 1569 2758 et
1584 2727 1626 2768 2}
1639 2727 1712 2757 hex·
1728 2735 1784 2766 pro
1804 2722 1911 2756 libella

1079 2789 1246 2824 supersunt
1274 2784 1397 2814 125536
1422 2782 1492 2811 hex.
1510 2775 1548 2823 {fi
1574 2791 1645 2821 quae
1658 2779 1844 2819 respondent
1858 2778 1908 2809 20.

1084 2827 1142 2858 11¹.
1170 2825 1237 2858 58''.
1266 2824 1351 2855 unde
1375 2834 1464 2854 arcus
1491 2824 1586 2854 unius

1081 2872 1188 2901 57076
1203 2881 1211 2899 :
1231 2872 1261 2898 2.

1127 2914 1247 2945 Pariter
1274 2913 1308 2942 in
1335 2909 1544 2942 observatione
1571 2908 1628 2939 dm.
1652 2907 1702 2939 de·
1714 2905 1911 2946 Manpertuis

1615 2822 1730 2864 gradus
1757 2821 1912 2852 invenitur

211 2960 285 3000 polo
298 2966 373 2990 tunc
389 2958 516 2989 vicinior
530 2969 594 2989 esse
609 2958 709 2998 potuit
722 2958 817 2999 quam
831 2959 905 2990 cum
920 2959 954 2988 in
970 2960 1045 2989 urbe
1086 2956 1158 2988 cum
1181 2957 1242 2987 siut
1262 2955 1342 2985 inter
1363 2952 1544 2993 parallelum
1567 2950 1761 2981 observatorii
1786 2955 1817 2979 et
1837 2948 1913 2978 aedis
1951 2984 1953 2986 η

215 3002 364 3033 Dunkirk
384 3003 541 3032 observata
562 3000 672 3036 fuerat,
694 2999 826 3042 ideoque
849 3001 978 3032 totidem
997 3011 1044 3031 se-

1090 2999 1237 3029 Ambiani
1260 3000 1388 3029 604742
1410 2999 1437 3036 1,
1462 3000 1494 3025 et
1522 3000 1646 3034 propter
1668 2992 1914 3023 observationum

182 3068 187 3071 ,
214 3044 325 3076 eundis
334 3044 436 3075 zeuith
450 3042 597 3074 remotior
610 3044 774 3083 apparebat
783 3042 878 3085 quain
893 3049 1045 3083 punctum
1087 3041 1256 3072 coelestium
1271 3040 1338 3070 loca
1353 3040 1437 3070 2159
1449 3037 1518 3067 hex.
1537 3036 1598 3067 sint
1611 3034 1815 3072 detrahenda,
1826 3042 1914 3064 arcus
