2092 3470
481 222 771 264 -FLUXUS
800 222 881 263 AC
914 219 1251 263 REFLUXUS
1282 218 1494 262 MARIs.
1780 221 1863 257 313

207 341 239 391 §.
270 342 339 379 92.
382 333 482 385 Quo
510 343 649 376 autem
677 342 763 375 tam
793 334 846 375 de
875 333 941 374 his
970 331 1258 388 phaenomenis
1289 329 1413 386 quam
1443 328 1612 385 reliquis
1641 326 1793 370 certius
1823 335 1866 368 et

149 406 320 450 solidius
343 406 532 465 judicare
562 419 774 461 queamus,
806 405 944 460 ipsum
972 411 1133 445 motum
1161 401 1484 457 progressivum,
1522 414 1646 456 quem
1674 414 1783 455 aqua
1811 399 1864 440 ab

149 486 254 520 aestu
274 477 432 532 recipit,
454 476 803 532 investigabimus.
866 473 977 517 Cum
995 474 1107 516 enim
1126 487 1235 529 aqua
1254 471 1402 512 eodem
1420 473 1515 512 loco
1534 485 1646 512 nunc
1667 471 1862 520 elevetur,

147 566 260 592 nunc
290 550 488 600 subsidat,
520 564 688 591 necesse
708 557 771 590 est
791 555 838 589 ut
865 547 998 603 priori
1027 561 1125 589 casu
1144 559 1252 601 aqua
1271 542 1439 585 aliunde
1461 543 1613 593 affluat,
1643 542 1866 598 posteriori

147 622 247 665 vero
288 623 340 664 ab
380 623 529 664 eodem
567 622 662 663 loco
701 621 868 671 defluat,
910 619 1023 661 unde
1061 617 1230 659 nomina
1259 614 1398 657 fluxus
1428 630 1477 655 ac
1515 615 1698 657 refluxus
1738 614 1865 671 origi-

148 712 246 738 nem
265 703 495 737 traxerunt.
535 694 826 749 Repraesentet
839 693 917 750 igi-

147 777 231 810 tur.
263 777 450 822 tempore
489 780 737 823 quocunque
780 765 916 822 figura

149 840 191 880 A
218 839 263 880 D
295 839 333 880 B
364 838 403 880 E
448 846 599 880 statum
630 851 749 894 aquae
784 844 914 878 totam

150 908 328 948 Terram
348 907 580 958 ambientis,
602 907 659 948 ita
677 915 724 948 ut
748 906 793 946 in
811 904 912 945 locis

149 979 190 1019 A
219 986 260 1019 et
286 978 324 1019 B
344 993 452 1039 aqua
471 976 649 1019 maxime
670 977 722 1018 sit
741 975 911 1024 elevata,

147 1053 192 1093 in
218 1050 321 1094 locis
350 1049 450 1093 vero
478 1050 624 1092 mediis
653 1049 706 1090 ab
738 1049 777 1090 A
804 1055 845 1089 et
875 1046 914 1088 B

149 1123 519 1180 aequidistantibus,
541 1120 721 1163 maxime
743 1119 912 1175 depres-

151 1209 209 1235 sa.
272 1194 374 1235 Post
392 1192 560 1248 aliquod
585 1200 749 1247 tempus
779 1199 913 1231 trans-

146 1260 302 1307 feratur
322 1273 446 1306 aestus
467 1279 652 1305 summus
672 1277 726 1304 ex
758 1263 798 1303 A
813 1269 854 1303 et
875 1261 913 1303 B

148 1337 200 1378 in·
213 1353 240 1378 a
259 1345 302 1379 et
324 1337 366 1387 b,
399 1337 531 1392 sitque
551 1351 575 1376 a
605 1335 649 1377 D
669 1334 698 1375 b
720 1334 758 1375 E
778 1334 913 1391 figura

150 1425 271 1467 aquae
292 1410 469 1452 Terram
488 1408 801 1451 circumdantis:
833 1407 912 1448 hoc

121 1522 125 1526 ,
149 1484 277 1541 igitur
302 1492 488 1538 tempore
517 1497 683 1524 necesse
713 1489 786 1531 est,
818 1488 864 1521 ut
890 1496 915 1521 a

147 1562 267 1608 parte
287 1554 431 1595 oceani
451 1553 496 1595 D
512 1553 547 1594 F
562 1551 781 1593 defluxerit
795 1565 915 1607 aquae
984 1556 1010 1570 '⁴

150 1627 270 1682 copia
301 1627 337 1668 F
357 1628 398 1668 A
421 1626 473 1668 M
494 1626 538 1668 D
559 1640 602 1666 m
622 1624 649 1675 f,
679 1625 724 1666 in
752 1632 914 1679 partem

148 1696 248 1738 vero
284 1697 319 1738 F
350 1696 388 1738 E
422 1696 667 1737 tantundem
702 1709 820 1751 aquae
855 1693 913 1736 af-

147 1768 328 1818 fluxerit,
345 1768 483 1822 portio
492 1768 653 1809 ‘scilicet
670 1768 736 1808 Fa
744 1768 787 1808 N
797 1767 863 1808 En
872 1781 911 1808 e:

81 1872 84 1873 γ
149 1840 272 1881 simili
293 1839 420 1881 modo
446 1840 585 1894 portio
610 1839 649 1880 E
670 1838 715 1881 G
734 1837 916 1879 decrevit

149 1911 270 1967 copia
289 1925 408 1966 aquae
430 1910 468 1951 E
483 1910 519 1951 P
534 1910 572 1951 B
588 1910 632 1952 G
643 1925 672 1966 g
684 1925 725 1964 p,
747 1910 970 1965 portioque
991 1908 1035 1951 G
1046 1908 1092 1951 D
1108 1915 1378 1965 augmentum
1393 1908 1554 1963 accepit
1575 1908 1618 1949 G
1630 1908 1658 1948 b
1673 1907 1716 1955 Q
1729 1906 1774 1948 D
1788 1921 1816 1962 q
1828 1913 1869 1947 α.

153 1985 199 2027 Si
227 1998 340 2026 nunc
368 1997 572 2038 ponamus
601 1983 838 2037 portionem
868 1982 903 2023 F
926 1981 978 2024 M
997 1996 1040 2022 m
1064 1981 1240 2022 transire
1263 1980 1307 2020 in
1331 1980 1469 2021 locum
1503 1981 1538 2021 F
1559 1980 1602 2021 N
1622 1994 1664 2030 n,
1697 1993 1746 2019 ac
1771 1993 1870 2032 por-

150 2057 307 2098 tionem
338 2055 376 2096 E
398 2054 434 2096 P
453 2070 481 2110 p
509 2054 554 2095 in
585 2054 623 2095 E
645 2053 687 2094 N
707 2068 735 2094 n
766 2052 931 2103 deferri,
964 2051 1062 2093 satis
1091 2050 1201 2092 clare
1231 2058 1391 2091 motum
1411 2064 1532 2106 aquae
1561 2049 1871 2106 progressivum

150 2127 381 2183 intelligere
410 2125 561 2170 licebit.
625 2123 734 2165 Cum
754 2124 865 2165 enim
887 2130 1026 2164 motus
1048 2136 1167 2178 aquae
1188 2121 1362 2163 summae
1384 2121 1426 2162 A
1446 2120 1520 2162 fiat
1540 2120 1592 2161 ab
1614 2128 1709 2160 ortu
1735 2119 1779 2159 in
1799 2133 1870 2160 oc·
1893 2110 1902 2118 '

151 2213 306 2249 casum,
338 2212 444 2253 aqua
474 2211 567 2253 quae
597 2196 707 2238 circa
728 2196 768 2237 A
788 2194 934 2238 versus
955 2195 1158 2236 orientem
1179 2193 1334 2235 scilicet
1361 2193 1414 2234 ab
1445 2193 1498 2234 M
1518 2193 1572 2234 ad
1594 2193 1636 2234 N
1657 2207 1788 2248 usque
1807 2199 1871 2233 est

150 2270 239 2319 sita,
270 2269 314 2309 in
337 2282 531 2310 occasum
558 2266 819 2309 movebitur:
853 2265 1123 2321 similiterque
1144 2279 1192 2305 ea
1212 2279 1307 2320 quae
1327 2263 1426 2305 huic
1445 2278 1468 2305 e
1489 2263 1692 2304 diametro
1712 2271 1774 2304 est
1793 2277 1869 2318 op-

149 2343 284 2398 posita
304 2350 346 2384 et
365 2342 544 2398 spatium
566 2341 602 2383 P
617 2341 660 2391 Q
681 2349 868 2395 occupat.
919 2338 1079 2381 Contra
1093 2338 1192 2380 vero
1212 2339 1372 2395 reliqua
1392 2354 1498 2395 aqua
1517 2339 1561 2379 in
1583 2338 1634 2380 M
1650 2338 1693 2388 Q
1713 2346 1755 2380 et
1775 2338 1818 2380 N
1833 2339 1869 2380 P

151 2424 346 2457 contenta
386 2416 430 2456 in
470 2423 608 2457 ortum
646 2415 973 2471 promovebitur.
1053 2412 1213 2456 Verum
1252 2413 1438 2456 celeritas
1463 2413 1631 2469 rubique
1664 2428 1751 2454 non
1791 2413 1870 2455 erit

152 2487 322 2537 eadem3
352 2489 394 2530 in
415 2489 580 2543 punctis
602 2488 712 2529 enim
737 2488 802 2538 M,
827 2488 882 2538 N,
907 2488 943 2530 P
964 2495 1005 2529 et
1026 2479 1070 2537 Q
1089 2488 1244 2543 quippe
1264 2487 1463 2529 limitibus
1492 2488 1599 2529 inter
1619 2496 1756 2528 motus
1777 2501 1868 2528 ver-

157 2558 226 2600 sus
248 2566 386 2600 ortum
414 2567 455 2601 et
485 2559 658 2609 obitum,
682 2559 868 2600 celeritas
885 2559 963 2600 erit
976 2558 1103 2609 nulla,
1121 2558 1273 2600 deinde
1293 2558 1346 2600 ab
1364 2558 1416 2600 M
1436 2574 1565 2615 usque
1586 2558 1640 2599 ad
1663 2558 1698 2599 F
1713 2567 1870 2600 crescet

152 2631 306 2687 ubique
325 2631 382 2672 ita
401 2640 448 2674 ut
466 2633 721 2675 incrementa
741 2632 961 2674 celeritatis
982 2632 1026 2673 in
1045 2633 1210 2687 punctis
1230 2632 1377 2673 mediis
1398 2640 1444 2673 ut
1465 2633 1506 2673 A
1523 2632 1604 2673 sint
1625 2631 1867 2673 differentiis

154 2704 191 2745 A
215 2702 239 2743 f
249 2704 601 2759 proportionalia:
634 2705 686 2747 ab
719 2706 754 2747 F
782 2704 883 2747 vero
903 2719 1033 2761 usque
1053 2705 1107 2746 ad
1128 2704 1171 2746 N
1191 2704 1377 2745 celeritas
1399 2704 1638 2746 decrescere
1659 2703 1795 2755 debet,
1827 2711 1868 2747 et

152 2776 462 2819 decrementum
490 2779 707 2821 celeritatis
727 2780 771 2820 in
792 2794 815 2821 e
835 2780 914 2820 erit
933 2786 980 2820 ut
1000 2794 1025 2820 a
1045 2794 1068 2820 e
1079 2795 1091 2828 ;
1123 2778 1328 2834 similique
1357 2778 1485 2819 modo
1506 2785 1769 2831 comparatus
1789 2777 1868 2818 erit

153 2857 290 2891 motus
310 2850 354 2891 in
374 2850 542 2906 reliquis
561 2851 819 2906 portionibus
840 2851 988 2908 figurae
1006 2851 1244 2906 propositae.

211 2923 242 2972 §.
265 2927 334 2963 93.
368 2921 413 2963 Si
432 2921 524 2962 haec
543 2921 779 2978 diligentius
798 2936 1099 2978 prosequamur
1119 2937 1167 2962 ac
1187 2928 1387 2976 punctum
1413 2936 1438 2961 a
1465 2920 1546 2975 ipsi
1566 2921 1608 2962 A
1626 2921 1867 2977 proximum

153 3005 371 3046 ponamus,
403 2993 658 3048 reperiemus
685 2994 730 3035 in
759 2995 856 3036 loco
877 3009 1128 3051 quocunque
1150 2994 1202 3035 M
1222 2994 1311 3035 fore
1340 2994 1603 3035 intervallum
1625 2994 1678 3036 M
1696 3009 1737 3035 m
1760 2994 1867 3035 sinui

155 3063 275 3119 dupli
293 3066 435 3122 anguli
458 3065 510 3106 M
528 3065 564 3106 C
582 3066 623 3107 A
642 3067 967 3122 proportionale.
1025 3065 1169 3117 Quare
1190 3066 1223 3108 si
1244 3067 1387 3124 anguli
1406 3067 1448 3109 A
1471 3067 1508 3109 C
1530 3067 1582 3109 M
1603 3068 1715 3109 sinus
1734 3081 1865 3123 pona-
