2092 3470
518 226 771 269 FLUXUS
801 227 883 268 AC
915 225 1253 268 REFLUXUS
1284 226 1499 269 MARIS.
1783 230 1866 269 315

152 338 285 394 spatio
313 354 338 379 a
366 345 510 379 centro
538 339 751 395 gravitatis
780 339 941 380 interea
967 352 1166 393 percurso
1187 345 1250 378 est
1267 338 1548 379 aestimandus.
1609 337 1711 379 Hoc
1739 337 1868 394 igitur

151 424 261 460 casu,
292 423 375 465 quo
405 401 553 450 Terrae
573 409 836 463 superficiem
857 408 1032 450 solidam
1052 409 1106 450 ad
1125 423 1168 448 m
1188 422 1217 448 n
1238 423 1368 463 usque
1395 410 1633 466 pertingere
1652 409 1864 464 ponimus,

151 482 380 540 reperietur
400 489 588 523 centrum
608 482 821 539 gravitatis
840 497 985 523 massae
1005 496 1035 522 n
1057 482 1093 523 F
1114 481 1166 523 M
1186 496 1229 521 m
1246 480 1331 522 fere
1351 482 1469 538 aeque
1490 483 1678 524 celeriter
1696 497 1866 538 promo·

150 554 236 595 veri
266 553 420 595 debere
449 568 498 594 ac
527 562 729 609 punctum
750 554 806 604 A,
834 569 888 595 ex
907 569 991 609 quo
1010 553 1098 608 ejus
1119 552 1304 594 celeritas
1325 560 1440 593 tanta
1460 569 1548 594 esse
1567 554 1750 603 deberet,
1782 552 1866 609 qua

150 635 338 683 tempore
358 628 480 669 unius
500 628 616 669 horae
633 629 811 683 spatium
825 628 911 669 fere
927 634 978 669 15
995 626 1196 684 graduum
1218 639 1462 680 percurrere
1481 635 1633 680 posset,
1651 642 1746 682 quae
1757 626 1866 668 cele·
1896 670 1899 673 ,

154 701 255 742 ritas
275 701 459 756 undique
479 700 586 742 foret
599 701 781 741 enormis
802 715 849 741 ac
870 698 1085 754 stupenda.
1127 698 1187 738 At
1206 697 1241 738 si
1259 697 1366 738 mari
1390 696 1715 751 profunditatem
1734 700 1866 753 majo-

150 787 240 814 rem
258 773 502 822 tribuamus,
533 772 688 815 scilicet
706 772 760 813 ad
786 780 817 821 μ’,
844 790 857 811 ν
885 786 1028 826 usque,
1059 777 1150 811 tum
1168 768 1240 810 illa
1259 768 1448 810 celeritas
1468 769 1600 810 multe)
1621 770 1694 811 fiet
1713 770 1864 821 minor,

76 902 79 905 Ι
150 843 358 886 decrescet
377 859 554 899 namque
573 844 617 884 in
638 844 784 885 eadem
803 844 962 885 ratione
981 844 1026 883 in
1040 857 1122 898 qua
1140 841 1400 896 profunditas
1414 842 1575 882 crescit.
1614 842 1723 883 Cum
1737 843 1866 898 igitur

149 916 334 957 celeritas
363 916 501 965 maris,
533 930 627 971 quae
662 914 757 956 ante
786 916 830 956 in
851 931 895 956 se
915 922 1098 969 spectata
1116 915 1286 955 inventa
1306 922 1368 955 est
1386 915 1547 955 cosinui
1576 914 1694 970 dupli
1724 915 1867 972 anguli

153 988 206 1030 M
229 989 266 1030 C
289 989 329 1030 A
348 987 687 1043 proportionalis,
709 987 760 1028 eo
780 988 853 1028 fiat
873 987 1023 1037 minor,
1054 987 1357 1042 quomajorem
1375 1001 1490 1027 mare
1511 986 1664 1028 habeat
1692 986 1867 1042 profun-

149 1061 335 1112 ditatem,
375 1061 533 1102 tenebit
570 1075 622 1100 ea
662 1060 706 1100 in
744 1074 909 1115 quoque
942 1058 1036 1100 loco
1069 1059 1271 1100 rationem
1306 1058 1575 1113 compositam
1612 1073 1665 1099 ex
1704 1058 1866 1099 ratione

148 1132 305 1175 directa
327 1132 492 1173 cosiniis
512 1131 630 1186 dupli
650 1131 792 1188 anguli
814 1131 867 1173 M
884 1129 978 1173 C'A
998 1139 1122 1187 atque
1141 1146 1195 1172 ex
1214 1130 1378 1172 inversa
1399 1130 1707 1186 profunditatis.

212 1207 244 1257 ᾗ.
267 1208 335 1245 95.
368 1202 508 1244 Datur
527 1210 666 1243 autem
686 1202 789 1243 alius
809 1201 958 1242 modus
979 1202 1231 1243 celeritatem
1251 1201 1376 1241 maris
1395 1201 1710 1251 horizontalem,
1730 1200 1867 1255 posita

149 1273 317 1324 scilicet,
339 1273 494 1329 ubique
523 1272 804 1328 profunditate
826 1271 984 1322 eadem,
1007 1271 1325 1322 determinandi,
1358 1273 1429 1327 qui
1449 1280 1587 1313 tamen
1607 1272 1662 1313 ad
1681 1272 1867 1314 diversas

147 1345 448 1400 profunditates
477 1353 604 1400 patet,
636 1345 670 1385 si
700 1359 793 1386 cum
825 1345 984 1385 ratione
1012 1343 1260 1386 invenienda
1281 1345 1584 1401 conjungamus
1605 1345 1867 1400 reciprocum

148 1417 480 1472 profunditatum
501 1417 561 1458 uti
580 1416 774 1466 fecimus3
806 1416 1108 1472 deduciturque
1126 1416 1195 1457 hic
1215 1416 1364 1458 modus
1386 1432 1439 1458 ex
1458 1426 1575 1458 motu
1595 1418 1721 1459 maris
1741 1418 1868 1460 verti-

114 1500 124 1512 ·
147 1491 240 1541 cali,
278 1505 362 1546 quo
392 1488 523 1531 mode)
557 1489 742 1530 ascendit
775 1487 902 1530 modo
937 1488 1163 1538 descendit,
1196 1489 1268 1544 qui
1290 1490 1378 1544 jam
1409 1488 1534 1544 supra
1564 1499 1625 1531 est
1654 1490 1864 1531 definitus.

158 1563 303 1606 Primo
339 1564 449 1605 enim
482 1561 746 1604 manifestum
780 1569 854 1611 est,
893 1561 926 1602 si
957 1575 1072 1601 mare
1093 1560 1246 1615 ubique
1276 1560 1423 1601 eadem
1455 1560 1679 1611 celeritate,
1714 1561 1867 1617 (posita

151 1635 435 1691 profunditate
454 1635 607 1690 ubique
627 1633 795 1690 aequali)
826 1633 868 1673 in
888 1633 1065 1674 eandem
1084 1633 1251 1689 plagam
1269 1641 1600 1687 promoveretur,
1631 1642 1721 1675 tum
1742 1634 1868 1676 etiam

130 1742 138 1749 .
153 1708 414 1750 altitudinem
443 1722 683 1748 mansuram
713 1721 800 1748 esse
830 1706 1007 1747 eandem
1026 1706 1194 1765 ubique,
1226 1722 1362 1762 neque
1383 1706 1511 1747 ullam
1530 1708 1803 1748 mutationem
1823 1707 1868 1748 in

149 1781 378 1822 elevatione
397 1794 517 1837 aquae
538 1787 721 1821 orturam
743 1794 843 1822 esse.
900 1779 960 1821 At
980 1779 1015 1819 si
1035 1794 1143 1835 aqua
1161 1788 1278 1822 motu
1298 1780 1537 1835 inaequabili
1555 1779 1866 1836 progrediatur,

150 1850 414 1893 manifestum
443 1858 505 1891 est
532 1851 582 1891 iis
610 1850 654 1893 in
683 1849 798 1902 locis,
829 1850 902 1890 ubi
930 1849 1117 1891 celeritas
1147 1850 1405 1901 diminuitur,
1443 1866 1595 1907 aquam
1629 1859 1868 1908 turgescere

150 1932 275 1980 atque
312 1923 417 1965 adeo
451 1922 602 1963 elevari
637 1911 802 1971 debere,
839 1922 1036 1976 quoniam
1074 1923 1168 1977 plus
1204 1938 1325 1978 aquae
1358 1922 1492 1963 'affluit
1525 1923 1651 1978 quam
1690 1923 1867 1972 defluit3

153 1993 299 2035 contra
326 1993 427 2035 vero
456 1993 531 2034 ubi
560 1992 747 2032 celeritas
776 2005 896 2046 aquae
927 2000 1096 2042 crescat,
1132 1993 1190 2033 ibi
1219 2008 1370 2048 aquam
1409 1993 1622 2036 subsidere
1658 2002 1866 2048 oportere.

152 2065 296 2114 Quare
326 2062 423 2105 cum
453 2062 627 2104 elevatio
657 2069 698 2103 et
727 2061 936 2116 depressio
965 2063 1091 2104 maris
1111 2078 1136 2103 a
1155 2062 1292 2105 motus
1312 2063 1566 2120 progressivi
1594 2063 1868 2106 horizontalis

148 2135 428 2191 inaequalitate
447 2133 638 2188 pendeat,
662 2132 802 2175 licebit
820 2147 898 2186 pro
919 2133 1063 2188 quovis
1082 2133 1176 2176 loco
1192 2134 1303 2175 hanc
1328 2134 1654 2192 inaequalitatem
1673 2135 1864 2187 definire,

151 2211 205 2248 eir
233 2214 350 2247 motu
389 2203 584 2248 ascensus
614 2212 655 2244 et
684 2202 904 2246 descensus
935 2204 1115 2259 cognito.
1161 2227 1163 2229 ·
1192 2203 1300 2246 Cum
1329 2205 1438 2251 enim
1461 2205 1649 2247 celeritas
1669 2206 1866 2250 ascensus

150 2278 205 2319 sit
232 2277 497 2319 decremento
526 2275 744 2317 celeritatis
773 2276 1048 2332 progressivae
1077 2275 1261 2331 aequalis,
1293 2276 1480 2318 celeritas
1510 2277 1736 2329 descensus
1766 2279 1868 2321 vero

149 2348 406 2392 incremento
437 2347 655 2389 celeritatis
682 2346 969 2402 progressivae,
1007 2361 1060 2387 ex
1089 2346 1187 2387 dato
1220 2354 1337 2388 motu
1368 2347 1550 2388 verticali
1589 2348 1696 2390 ratio
1729 2349 1868 2392 motus

151 2418 421 2461 horizontalis
456 2417 621 2461 definiri
654 2417 819 2471 poterit.
895 2416 1132 2458 Invenimus
1165 2425 1305 2458 autem
1339 2416 1465 2473 supra
1497 2421 1527 2471 §.
1564 2424 1634 2469 84,
1674 2419 1710 2460 si
1743 2420 1869 2463 Luna

152 2506 178 2532 a
194 2490 423 2532 meridiano
456 2488 600 2531 versus
634 2503 828 2530 occasum
854 2489 943 2544 jam
967 2489 1135 2530 recessit
1159 2490 1312 2546 angulo
1341 2505 1377 2540 z,
1407 2489 1489 2531 hoc
1518 2499 1580 2532 est
1620 2489 1717 2548 cum
1750 2493 1868 2550 regio

151 2561 367 2617 proposita
400 2561 453 2604 ab
488 2559 550 2610 ea,
586 2559 630 2603 in
663 2558 743 2616 qua
779 2574 886 2615 aqua
918 2566 980 2600 est
1013 2573 1185 2609 summa,
1222 2558 1365 2602 versus
1400 2561 1603 2603 orientem
1637 2561 1868 2609 secundum

153 2632 458 2690 longitudinem
492 2632 616 2676 distet
649 2631 804 2688 anguJO
839 2646 874 2681 Ζ,
914 2631 1004 2675 fore
1037 2631 1287 2676 celeritatem
1321 2631 1403 2688 qua
1440 2648 1548 2689 aqua
1587 2633 1774 2675 ascendit
1818 2650 1861 2674 ==

152 2713 651 2772 -—.-.-——-—6
267 2721 296 2762 g
309 2719 337 2760 p
353 2720 381 2761 q
398 2704 434 2745 P
451 2704 494 2754 Q
528 2705 604 2747 sin·
626 2719 648 2745 z
670 2754 728 2761 —
751 2710 1152 2768 3-L——p
877 2701 892 2726 Ξ
909 2701 967 2759 ‘32
986 2704 1063 2754 ‘Sin'
1085 2708 1111 2744 2
1130 2719 1166 2772 z.
1246 2729 1390 2779 Quare
1418 2729 1514 2772 cum
1542 2729 1640 2773 huic
1669 2731 1868 2774 celeritati

266 2772 534 2828 h(l—2g)
815 2771 1079 2827 h(1-8g)

154 2842 346 2885 ascensus
385 2841 694 2898 proportionale
728 2843 782 2886 sit
814 2841 1124 2887 decrementum
1163 2843 1301 2890 motus
1339 2845 1619 2896 horizontalis,
1655 2845 1740 2887 erit
1776 2845 1868 2901 ipsa

154 2940 338 2982 celeritas
366 2938 633 2981 horizontalis
652 2939 796 2984 versus
816 2918 1009 2984 occasum
1028 2948 1075 2983 ut
1091 2914 1788 3024 Q-'Z—{ln—-M
1817 2947 1862 2990 4
