2092 3470
509 198 763 241 FLUXUS
792 200 875 241 AC
906 198 1245 242 REFLUXUS
1274 200 1484 252 MARIS.
1763 204 1846 246 297

139 312 433 362 observantur3
463 314 579 368 cujus
599 313 768 368 quidem
788 312 1075 354 retardationis
1095 327 1218 353 causa
1237 314 1280 353 in
1299 314 1387 368 ipsa
1409 329 1527 371 aquae
1547 313 1691 356 inertia
1712 315 1850 369 posita

140 398 229 426 esse
248 383 381 439 prima
401 384 526 425 etiam
545 383 680 425 fronte
698 384 959 439 perspicitur.

197 461 227 510 §.
251 462 318 502 72.
350 457 630 506 Quantumvis
661 464 799 497 autem
833 456 1004 513 agitatio
1036 453 1163 496 maris
1195 454 1240 494 in
1270 456 1602 509 praecedentibus
1633 456 1849 512 Capitibus

141 529 412 571 determinata
430 530 483 571 ab
504 529 858 571 observationibus
874 528 1101 578 dissentiat,
1122 534 1261 568 tamen
1280 528 1513 582 complures
1533 529 1850 572 circumstantiae

143 592 231 640 sese
244 600 333 654 jam
352 600 635 654 praebuerunt,
657 599 925 654 experientiae
944 606 1160 654 tantopere
1179 604 1479 648 consentaneae,
1511 607 1558 641 ut
1576 600 1752 655 amplius
1773 600 1851 654 du·—

143 671 275 712 bitare
305 672 475 712 omnino
504 686 769 728 nequeamus,
802 672 902 727 quin
930 672 974 712 in
993 671 1148 712 viribus
1171 670 1310 712 Solem
1332 670 1580 727 Lunamque
1598 673 1852 728 respicienti-

142 742 234 793 bus,
267 758 369 799 quas
392 757 477 783 non
497 743 652 784 temere
672 743 950 793 assumsimus,
982 741 1055 783 sed
1082 741 1250 783 aliunde
1269 742 1445 784 existere
1465 742 1850 795 demonstravimus,
1891 789 1897 795 ,

143 830 241 856 vera
261 823 303 856 et
321 815 501 872 genuina
520 814 644 856 aestfis
663 816 788 856 maris
807 829 931 856 causa
950 814 1221 855 contineatur.
1275 814 1402 856 Hanc
1422 815 1477 857 ob
1495 830 1585 857 rem
1599 817 1686 871 jam
1706 816 1853 858 merito

146 887 345 942 suspicari
373 887 481 936 licet,
514 881 788 928 dissensiones
818 900 912 941 quae
940 885 1048 926 inter
1075 884 1279 926 theoriam
1309 892 1506 936 nostram,
1540 893 1741 942 quatenus
1761 901 1854 928 eam

147 966 340 1000 assumtae
358 957 579 1014 hypothesi
599 956 962 1012 superstruximus,
985 964 1027 997 et
1046 956 1345 1011 experientiam
1364 956 1640 1007 intercedunt,
1662 957 1716 998 ab
1735 972 1855 1013 aquae

147 1029 294 1071 inertia
315 1030 485 1086 aliisque
505 1028 832 1079 circumstantiis,
855 1042 1031 1084 quarum
1051 1028 1207 1069 nullam
1228 1028 1365 1070 adhuc
1388 1029 1589 1071 rationem
1619 1029 1853 1079 habuimus,

146 1101 365 1156 proficisci.
428 1100 637 1149 Quocirca
671 1099 705 1140 si
739 1099 878 1140 omnia
907 1099 1066 1141 inertiae
1096 1099 1255 1140 ratione
1286 1099 1427 1141 habita
1462 1100 1516 1142 ad
1551 1100 1858 1142 observationes

147 1172 320 1229 propius
350 1172 560 1222 accedant,
593 1172 636 1212 id
657 1172 824 1228 quidem
844 1179 1001 1213 nostrae
1020 1171 1193 1212 theoriae
1212 1172 1439 1213 maximum
1460 1172 1603 1214 afferet
1622 1172 1859 1214 firmamen-

148 1254 249 1296 tum,
282 1252 404 1301 atque
434 1244 557 1285 simul
587 1259 728 1285 omnes
748 1243 848 1285 alias
868 1257 1025 1293 causas,
1057 1258 1151 1298 quae
1179 1250 1332 1297 praeter
1361 1243 1435 1285 has
1464 1243 1530 1285 vel
1559 1252 1656 1286 sunt
1682 1243 1858 1299 prolatae

149 1318 215 1358 vel
234 1316 410 1372 proferri
429 1322 615 1370 possunt,
637 1314 842 1365 excludet,
869 1314 1087 1370 irritasque
1107 1313 1265 1356 reddet.
1329 1313 1438 1355 Cum
1466 1314 1593 1371 igitur
1613 1328 1860 1356 consensum

151 1388 274 1443 hujus
306 1387 478 1428 theoriae
513 1401 609 1427 cum
646 1386 949 1441 phaenomenis,
992 1400 1092 1426 mox
1131 1385 1257 1445 simus
1299 1385 1602 1428 evidentissime
1641 1386 1859 1437 ostensuri,

154 1459 372 1514 quaestioni
400 1458 453 1500 ab
483 1457 636 1514 inclyta
668 1457 894 1499 Academia
924 1458 1148 1513 propositae
1169 1473 1223 1499 ex
1243 1473 1333 1500 asse
1354 1458 1593 1500 satisfecisse
1615 1460 1712 1515 jure
1739 1460 1861 1502 nobis

154 1530 410 1571 videbimur:
456 1528 553 1571 cum
582 1544 668 1570 non
699 1529 833 1571 solum
863 1528 1010 1570 nullas·
1029 1529 1138 1570 vires
1170 1529 1430 1586 imaginarias
1462 1530 1755 1582 effinxerimus,
1789 1531 1863 1573 sed

153 1604 277 1645 etiam
306 1603 454 1644 virium
485 1602 650 1643 Lunam
684 1602 906 1657 Solemque
935 1601 1241 1656 respicientium
1274 1601 1532 1644 existentiam
1561 1602 1728 1645 aliunde
1755 1603 1862 1645 dilu-

154 1676 244 1718 cide
273 1676 527 1717 evicerimus,
589 1676 738 1732 Neque
766 1690 865 1717 vero
893 1676 939 1716 in
964 1675 1046 1717 hoc
1075 1676 1244 1732 negotio
1271 1691 1364 1717 cum
1391 1676 1600 1733 plerisque
1627 1677 1864 1735 Anglorum

153 1748 208 1790 ad
229 1747 443 1803 qualitates
463 1747 643 1789 occultas
664 1762 804 1789 sumus
824 1746 996 1801 delapsi,
1018 1745 1163 1788 verum
1181 1747 1320 1801 potius
1341 1762 1506 1789 causam
1527 1748 1700 1790 istarum
1714 1749 1864 1791 virium

155 1820 283 1861 modo
311 1819 502 1861 rationali
529 1827 571 1861 et
600 1819 760 1877 legibus
789 1818 926 1861 motus
956 1826 1234 1860 consentaneo
1253 1819 1298 1860 in
1316 1821 1542 1862 vorticibus
1562 1822 1862 1874 constituimus,

155 1907 332 1948 quorum
365 1891 538 1933 formam
568 1899 691 1948 atque
710 1892 894 1933 indolem
913 1891 1142 1933 luculenter
1163 1891 1370 1946 explicare
1389 1907 1629 1947 possemus;
1661 1894 1787 1950 idque
1806 1895 1865 1937 fe·-

156 1965 363 2014 cissemus,
395 1959 477 2007 nisi
504 1963 555 2005 ab
576 1963 665 2004 aliis
686 1962 782 2004 cum
800 1964 887 2018 jam
908 1963 1006 2003 satis
1026 1970 1133 2003 esset
1151 1963 1399 2017 expositum,
1422 1962 1513 2004 tum
1532 1965 1658 2006 etiam
1677 1965 1731 2007 ab
1750 1966 1865 2008 illus·

155 2035 331 2077 trissima
354 2033 580 2076 Academia
601 2034 644 2075 in
663 2041 870 2089 praesente
891 2033 1120 2089 quaestione
1140 2047 1225 2074 non
1246 2034 1398 2089 requiri
1417 2033 1616 2077 videatur.

213 2111 243 2161 §.
267 2112 335 2152 73.
368 2107 485 2148 Dum
513 2107 639 2163 igitur
667 2105 866 2147 hactenus
896 2120 1016 2161 aquae
1044 2119 1212 2146 omnem
1230 2105 1420 2146 inertiam
1440 2105 1689 2162 cogitatione
1709 2106 1864 2149 ademi-

154 2194 260 2230 mus,
282 2177 582 2234 ipsiejusmodi
602 2177 839 2233 qualitatem
859 2176 1106 2226 affinximus,
1125 2175 1206 2231 qua
1226 2169 1382 2216 viribus‘
1397 2175 1710 2219 sollicitantibus
1726 2177 1863 2220 subito
1888 2233 1889 2236 Ἴ

154 2250 461 2305 obsequeretur,
485 2262 611 2303 seque
637 2248 681 2288 in
700 2247 869 2288 instanti
886 2247 942 2287 .in
962 2261 1056 2288 eum
1077 2254 1228 2287 statum
1248 2246 1461 2300 reciperet,
1484 2246 1527 2287 in
1547 2262 1631 2303 quo
1651 2262 1746 2289 cum
1764 2249 1863 2294 viri-

154 2321 233 2362 bus
265 2320 308 2374 in
339 2319 569 2375 aequilibrio
602 2319 866 2368 consisteret3
908 2317 1070 2373 hocque
1103 2325 1226 2372 pacto
1261 2332 1409 2373 aquam
1442 2332 1529 2359 non
1561 2317 1696 2360 solum
1725 2320 1862 2362 subito

154 2394 286 2436 omnis
317 2393 454 2435 motus
487 2407 681 2448 capacem
709 2392 936 2447 posuimus,
971 2391 1044 2432 sed
1075 2391 1197 2432 etiam
1227 2390 1285 2431 ita
1313 2399 1606 2446 comparatam,
1637 2401 1684 2434 ut
1715 2394 1860 2449 quovis

153 2473 361 2514 momento
389 2480 554 2506 omnem
583 2465 801 2526 pristinum
830 2471 990 2505 motum
1019 2464 1190 2505 amittat.
1250 2463 1398 2520 Longe
1429 2464 1546 2506 aliter
1566 2473 1704 2507 autem
1727 2480 1794 2508 res
1815 2481 1860 2509 se

152 2536 290 2587 habet,
321 2537 355 2577 si
383 2537 541 2578 inertiae
570 2537 676 2578 ratio
705 2537 749 2577 in
780 2545 1021 2592 computum
1047 2535 1248 2586 ducatur3
1277 2535 1368 2577 haec
1386 2536 1497 2578 enim
1516 2537 1640 2580 efficit
1658 2546 1706 2580 ut
1722 2539 1859 2594 primo

152 2624 259 2665 aqua
287 2623 372 2649 non
401 2609 536 2650 subito
567 2625 611 2651 se
641 2609 695 2650 ad
725 2623 820 2650 eum
841 2609 966 2650 situm
986 2605 1219 2663 componat,
1251 2623 1375 2664 quem
1394 2609 1500 2651 vires
1520 2610 1754 2661 intendunt,
1785 2611 1859 2654 sed

154 2681 407 2737 pedetentim
435 2696 510 2736 per
539 2697 681 2724 omnes
711 2682 865 2740 gradus
895 2682 1054 2723 medios
1083 2682 1137 2723 ad
1166 2697 1261 2724 eum
1282 2683 1450 2725 accedat
1459 2700 1479 2733 ς’
1501 2684 1651 2726 deinde
1670 2684 1769 2728 vero
1789 2701 1858 2728 ea-

152 2753 246 2794 dem
267 2751 412 2793 inertia
432 2752 474 2792 in
494 2768 617 2795 causa
635 2761 710 2804 est,
733 2753 846 2809 quod
867 2769 985 2809 aqua,
1017 2751 1111 2794 cum
1140 2754 1184 2794 in
1203 2761 1355 2795 statum
1373 2755 1593 2812 aequilibrii
1610 2758 1856 2811 pervenerit,

151 2825 209 2866 ibi
228 2840 313 2866 non
334 2825 576 2881 acquiescat,
608 2827 680 2868 sed
700 2828 754 2869 ob
774 2835 933 2868 motum
963 2826 1131 2868 insitum
1150 2825 1259 2867 ultra
1277 2815 1579 2884 progrediatur,
1611 2829 1748 2885 quoad
1767 2845 1857 2872 om-

153 2910 250 2937 nem
287 2904 446 2937 motum
485 2912 509 2937 a
547 2898 739 2950 potentiis
779 2897 1049 2938 renitentibus
1094 2897 1265 2938 amittat.
1354 2898 1423 2939 Ex
1470 2914 1554 2955 quo
1592 2901 1858 2957 perspicuum

154 2975 228 3018 est,
270 2968 446 3010 admissa
485 2969 631 3010 inertia
671 2985 801 3026 aquae,
844 2987 868 3011 a
906 2971 1101 3025 potentiis
1142 2962 1451 3013 sollicitantibus
1490 2982 1647 3016 motum
1686 2975 1855 3017 omnino

117 3095 123 3105 1
154 3040 362 3083 diversum
391 3049 484 3083 actu
514 3041 694 3096 imprimi
724 3042 874 3084 debere
903 3043 957 3084 ab
985 3058 1047 3094 eo,
1080 3058 1202 3099 quem
1228 3044 1440 3099 reciperet,
1463 3045 1498 3086 si
1525 3046 1671 3089 inertia
1694 3048 1853 3103 privata
