2092 3470
211 230 269 269 44·
605 221 1057 269 PHILOSOPHIAE
1088 219 1450 273 NATURALIS
1493 220 1587 273 [Dr.
1605 219 1768 269 Mulio·
1787 219 1909 266 Srsfr.

829 447 1231 490 HYPOTHESIS
1261 448 1296 490 Ι.

635 563 821 605 Centrum
843 563 1061 618 systematis
1081 564 1274 604 mundani
1293 564 1499 618 quiescere.

274 688 375 732 Hoc
404 689 457 731 ab
486 689 678 731 omnibus
708 704 950 732 concessum
979 698 1053 741 est,
1086 690 1187 732 dum
1216 689 1342 746 aliqui
1377 690 1567 740 Terram,
1600 690 1669 737 alii
1704 689 1843 734 Solem
1873 690 1915 731 in

211 770 353 816 centro
373 764 603 820 systematis
625 763 836 820 quiescere
856 763 1120 807 contendant.
1180 762 1407 804 Videamus
1428 762 1529 820 quid
1548 762 1646 804 inde
1666 771 1873 819 sequatur.

546 931 925 975 PROPOSITIO
961 932 1045 975 XI.
1107 932 1469 976 THEOREMA
1499 933 1583 975 XI.

214 1047 422 1089 Commune
441 1054 614 1090 centrum
639 1050 861 1103 gravitatis
887 1050 1037 1100 Terrae,
1060 1051 1164 1093 Solis
1184 1058 1222 1092 et
1242 1052 1500 1105 planetarum
1522 1053 1690 1094 omnium
1710 1053 1916 1107 quiescere.

269 1185 379 1227 Nam
401 1194 589 1228 centrum
609 1187 713 1229 illud
744 1191 836 1243 (per
855 1189 995 1246 legum
1018 1190 1158 1232 Corol.
1181 1191 1239 1243 4.)
1260 1191 1325 1232 vel
1346 1192 1526 1247 quiescet
1545 1192 1610 1234 vel
1629 1193 1918 1250 progredietur

208 1257 467 1299 uniformiter
496 1259 540 1299 in
569 1258 785 1302 directum.
849 1262 933 1303 Sed
953 1270 1096 1303 centro
1125 1263 1197 1303 illo
1219 1278 1382 1319 semper
1401 1266 1707 1322 progrediente,
1729 1274 1917 1308 centrum

208 1328 352 1369 mundi
374 1344 539 1386 quoque
559 1330 792 1378 movebitur
812 1339 957 1374 contra
975 1332 1238 1388 hypothesin.

525 1495 907 1542 PROPOSITIO
938 1498 1047 1540 XII.
1108 1499 1470 1542 THEOREMA
1500 1500 1607 1543 XII.

209 1610 336 1651 Solem
356 1616 462 1652 motu
481 1618 678 1664 perpetuo
698 1613 867 1666 agitari,
888 1614 958 1654 sed
976 1628 1176 1669 nunquam
1194 1613 1311 1669 longe
1328 1616 1507 1656 recedere
1527 1631 1553 1656 a
1573 1617 1765 1657 communi
1778 1629 1920 1670 gravt-

703 1685 802 1725 tatis
821 1691 955 1726 centro
967 1687 1228 1739 planetarum
1247 1688 1429 1728 omnium.

268 1816 380 1858 Nam
401 1814 497 1858 cum
519 1819 613 1875 (per
636 1817 734 1860 Cor.
752 1823 792 1860 2.
816 1818 943 1873 Prop.
961 1818 1106 1872 VIII.)
1128 1804 1300 1861 materia
1318 1819 1361 1860 in
1384 1819 1480 1862 Sole
1500 1820 1552 1861 sit
1571 1820 1625 1862 ad
1643 1821 1857 1863 materiam
1877 1821 1920 1862 in

207 1888 313 1930 Jove
334 1896 381 1929 ut
405 1893 514 1932 1067
537 1888 589 1929 ad
616 1894 653 1939 1,
686 1897 727 1930 et
757 1889 951 1930 distantia
970 1888 1084 1931 Jovis
1105 1905 1130 1931 a
1152 1889 1248 1932 Sole
1268 1889 1315 1931 fit
1341 1889 1394 1931 ad
1414 1891 1780 1934 semi-diametrum
1813 1891 1921 1936 Solis

205 1963 249 2003 in
271 1960 437 2003 ratione
458 1958 586 2015 paulo
607 1961 764 2016 majore
785 1961 868 2016 (†);
897 1960 1052 2002 incidet
1072 1975 1290 2002 commune
1310 1969 1497 2003 centrum
1516 1963 1724 2019 gravitatis
1745 1963 1860 2005 Jovis
1880 1971 1922 2006 et

210 2033 320 2076 Solis
350 2033 394 2074 in
423 2040 627 2088 punctum
649 2034 701 2089 (¹¹)
722 2033 850 2088 paulo
880 2047 1005 2088 supra
1034 2033 1294 2089 superficiem
1316 2033 1436 2083 Solis.
1498 2033 1659 2083 Eodem
1678 2045 1922 2092 argumento

207 2105 300 2148 cum
324 2106 499 2148 materia
517 2106 562 2147 in
586 2106 683 2148 Sole
704 2106 757 2148 sit
778 2105 832 2148 ad
852 2105 1068 2147 materiam
1088 2107 1132 2146 in
1154 2106 1334 2148 Saturno
1353 2114 1399 2146 ut
1420 2111 1526 2154 3021
1547 2106 1600 2147 ad
1620 2112 1656 2156 1,
1674 2115 1715 2163 et
1730 2107 1923 2150 distantia

210 2179 381 2221 Saturni
401 2195 425 2221 a
445 2179 542 2222 Sole
563 2179 616 2221 sit
636 2179 690 2228 ad
711 2178 1085 2227 semi-diametrum
1103 2178 1210 2220 Solis
1230 2178 1275 2219 in
1295 2178 1453 2219 ratione
1471 2177 1596 2233 paulo
1616 2178 1797 2219 minore:
1819 2179 1921 2226 inci-

208 2251 280 2293 det
310 2266 541 2297 commune
572 2260 761 2302 centrum
789 2251 1001 2309 gravitatis
1034 2251 1201 2293 Saturni
1229 2258 1271 2292 et
1296 2250 1402 2292 Solis
1429 2250 1471 2290 in
1496 2257 1695 2304 punctum
1721 2250 1774 2304 (¹)
1794 2250 1921 2305 paulo

211 2324 319 2367 infra
353 2311 615 2382 superficiem
652 2326 774 2377 Solis.
839 2326 891 2382 (5)
914 2325 971 2367 Et
1007 2324 1190 2385 ejusdem
1224 2323 1370 2373 calculi
1401 2322 1579 2383 vestigiis
1612 2322 1851 2374 insistendo,
1886 2324 1922 2367 si

214 2397 349 2439 Terra
379 2407 420 2440 et
448 2399 630 2454 planetae
659 2414 802 2440 omnes
833 2413 887 2444 ex
915 2397 998 2439 una
1023 2397 1130 2440 Solis
1149 2405 1266 2452 parte
1289 2396 1569 2445 consisterent,
1592 2393 1810 2442 commune
1830 2410 1920 2438 om-

210 2470 325 2512 nium
346 2457 534 2513 centrum
552 2472 763 2529 gravitatis
784 2471 856 2520 vix,
875 2469 1040 2527 integra
1060 2470 1167 2513 Solis
1189 2469 1392 2511 diametro
1411 2484 1436 2510 a
1455 2476 1596 2510 centro
1614 2468 1722 2511 Solis
1736 2469 1918 2514 distaret.

253 2611 303 2653 (†)
322 2614 338 2631 ⁶
356 2613 402 2643 Et
414 2613 557 2643 distantia
572 2614 652 2644 Jovis
672 2623 691 2650 a
707 2614 770 2645 Sole
783 2613 820 2643 sit
842 2614 882 2650 ad
895 2613 1046 2650 semi-dia-
1089 2612 1148 2651 erit
1169 2612 1198 2643 8'
1218 2611 1273 2651 5¹¹3
1295 2610 1427 2654 ide6que
1443 2614 1512 2654 (per
1528 2613 1664 2644 Tabulas
1680 2613 1917 2663 Tangentim)

212 2660 344 2685 metrum
369 2656 441 2686 Solis
469 2656 504 2686 in
527 2656 642 2685 ratione
662 2656 756 2694 paulo
782 2654 904 2694 majore,
934 2657 951 2674 *⁸
973 2664 1045 2685 cum
1088 2654 1168 2686 basis
1187 2654 1253 2695 ejus
1275 2655 1480 2686 continebitur
1504 2655 1537 2685 in
1559 2656 1625 2696 ejus
1650 2655 1813 2694 altitudine
1835 2658 1918 2690 1115

212 2695 450 2728 semi-diameter
473 2697 553 2728 Solis
574 2707 591 2727 e
613 2697 739 2727 Tellure
760 2697 822 2733 visa
843 2697 882 2728 sit
902 2696 949 2728 16‘
964 2697 1001 2727 4⁰
1015 2703 1046 2728 et
1088 2697 1227 2735 vicibus3
1249 2698 1321 2727 hinc
1335 2697 1477 2728 distantia
1491 2698 1580 2730 Jovis
1593 2709 1612 2728 a
1629 2698 1699 2730 Sole
1713 2704 1759 2737 est
1772 2697 1811 2729 nd
1825 2698 1918 2729 semi-

212 2736 356 2768 distantia
380 2740 484 2770 Terrae
506 2750 523 2770 a
542 2739 612 2770 Sole
628 2739 667 2777 sit
681 2739 721 2770 ad
735 2739 909 2778 distantiam
925 2739 1013 2779 Jovis
1027 2750 1046 2778 ρ,
1088 2740 1271 2779 diametrum
1298 2740 1385 2777 Solis,
1402 2746 1438 2771 ut
1461 2744 1540 2772 1115
1558 2741 1597 2771 ad
1621 2744 1648 2778 1,
1670 2740 1802 2782 ideoque
1816 2740 1849 2776 in
1869 2750 1918 2777 rq-

213 2779 283 2810 Sole
303 2787 339 2810 ut
364 2785 402 2811 10
425 2782 463 2812 ad
489 2786 531 2813 52
553 2781 683 2819 circiter,
709 2782 831 2822 sintque
855 2782 963 2822 anguli
986 2784 1043 2813 sub
1087 2783 1171 2813 tione
1192 2781 1287 2821 paulo
1308 2782 1423 2828 majore
1441 2783 1534 2823 quam
1556 2783 1634 2814 ratio
1655 2787 1735 2815 1067
1751 2782 1791 2813 ad
1807 2785 1834 2818 l,
1858 2783 1918 2813 hoc

210 2831 274 2862 quo
295 2822 376 2853 idem
397 2825 550 2864 objectum
571 2823 692 2862 videtur
706 2834 724 2855 e
738 2825 864 2861 diversis,
882 2825 1041 2863 distantiis,
1086 2834 1141 2863 est,
1157 2824 1251 2866 quam
1270 2825 1347 2856 ratio
1369 2826 1504 2855 materiae
1519 2826 1552 2855 in
1569 2826 1640 2856 Sole
1653 2825 1694 2856 ad
1706 2824 1864 2856 materiam
1883 2825 1917 2856 in

209 2863 362 2902 reciproce
384 2872 420 2895 ut
442 2867 502 2896 iuae
518 2867 670 2906 distantiae
690 2867 764 2903 fere,
786 2868 844 2898 erit
858 2871 898 2899 52
914 2880 921 2898 :
945 2870 983 2898 10
997 2880 1043 2897 =
1085 2867 1174 2899 Jove.

213 2905 261 2937 16‘
277 2906 314 2936 4'‘
331 2919 338 2936 ι
357 2907 396 2937 ad
411 2908 689 2947 semi-diametrum
711 2909 790 2945 Solis
805 2921 822 2948 β
844 2911 922 2945 Jove
935 2910 1040 2947 visam,
1130 2909 1176 2951 (⁰)
1214 2911 1230 2934 ⁶
1263 2909 1364 2947 Paul&
1398 2910 1494 2951 suppa
1523 2911 1707 2954 superficiem
1736 2910 1809 2942 Sol-’s
1845 2911 1914 2952 (60.

209 2959 280 2989 quae
308 2948 413 2988 itaque
437 2951 493 2980 erit
523 2952 550 2981 3'
576 2951 613 2983 5“
643 2952 779 2983 circiter:
812 2953 948 2993 fingatur
973 2962 1048 2993 ergo
1091 2952 1160 2983 Lib.
1177 2952 1234 2991 L).

210 2990 405 3031 triangulum
421 2993 635 3033 rectangulum
650 2995 739 3035 cujus
753 3002 856 3027 vertex
871 2994 910 3025 sit
923 2995 958 3024 in
968 2995 1047 3026 Jove
1133 2994 1181 3036 (¹)
1200 2997 1215 3015 ⁸
1234 2994 1332 3026 Paul&
1348 2994 1431 3037 infr&
1446 2996 1632 3038 sulm-ficiem
1647 2995 1719 3026 Soli-'e
1735 2993 1852 3035 (ibid.).

210 3039 242 3064 et
256 3033 338 3065 basis
351 3033 390 3064 sit
408 3034 486 3065 Solis
503 3035 752 3076 semi-diameter,
773 3037 908 3080 angulus
929 3036 1048 3069 verticis
1134 3037 1187 3079 (Υ)
1197 3040 1213 3058 ¹*
1232 3039 1277 3070 Et
1287 3038 1419 3079 ejusdem
1429 3040 1538 3070 calculi
1549 3038 1674 3078 vestigiis
1690 3038 1755 3079 (61.
1771 3036 1844 3069 Lib.
1856 3035 1916 3078 L).
