2092 3470
278 248 363 287 312
612 241 968 294 INQUISITIO
1000 225 1284 301 PHYSICA,
1303 245 1372 288 1N
1403 246 1661 289 CAUSAM

277 357 387 401 unde
406 354 588 398 dilucide}
609 357 794 413 sequitur
812 364 935 399 aestus
955 355 1006 398 ρὸ
1026 355 1185 399 tardius
1200 357 1394 400 advenire
1414 358 1579 410 debere,
1599 357 1682 415 quo
1697 358 1779 399 sint
1799 357 1999 413 majores.'

276 430 419 485 Atque
446 427 529 469 hoc
558 427 695 483 ipsum
723 428 979 484 experientia
1004 428 1235 478 confirmat,
1267 428 1347 485 qua
1369 437 1530 473 constat
1549 437 1673 474 aestus
1695 430 1885 485 majoreS,
1917 427 1991 484 qui

275 500 385 542 circa
403 497 618 539 novilunia
636 513 685 540 ac
707 498 935 554 plenilunia
955 499 1213 555 contingunt,
1246 498 1403 541 tardius
1430 500 1592 554 insequi
1610 499 1829 541 transitum
1853 498 1988 540 Lunae

274 584 350 627 per
370 570 661 622 meridianum,
683 569 807 628 quam
827 579 951 612 aestus
971 572 1165 622 minores,
1198 571 1270 627 qui
1297 572 1408 613 circa
1437 570 1707 627 quadraturas
1727 571 1986 631 contingunt.

275 643 385 687 Cum
406 645 516 686 enim
539 645 662 687 Luna
681 645 725 688 in
745 644 1006 701 quadraturis
1028 644 1189 685 circiter
1209 650 1235 686 6
1258 643 1372 686 horis
1393 641 1550 687 tardius
1570 651 1761 698 respectu
1784 642 1890 685 Solis
1911 655 1988 697 per

273 718 548 760 meridianum
576 726 769 769 transeat,
803 716 927 774 quam
946 717 990 757 in
1011 716 1200 773 syzygiis,
1223 723 1347 758 aestus
1368 725 1506 757 tamen
1525 729 1611 757 non
1633 721 1658 757 6
1679 714 1793 755 horis
1814 712 1984 764 tardius,

274 789 348 831 sed
367 798 529 834 tantum
549 789 712 832 circiter
733 789 786 839 δὲ
805 789 920 829 horis
940 786 1097 830 tardius
1118 787 1278 830 accidit.
1329 787 1507 829 Videtur
1525 785 1625 828 vero
1646 786 1769 828 etiam
1790 785 1984 836 calculus,

273 861 347 918 qui
365 875 445 917 pro
464 869 640 916 utraque
658 860 700 901 vi
729 859 836 900 Solis
858 874 906 900 ac
927 859 1061 901 Lunae
1082 859 1334 914 conjunctim
1354 859 1512 900 institui
1541 866 1679 913 potest
1700 857 1822 900 simili
1841 857 1984 908 modo,

271 946 356 989 quo
384 946 463 986 pro
483 931 570 972 sola
591 931 632 971 vi
653 930 789 971 Lunae
808 929 992 980 fecimus,
1024 929 1224 985 ejusmodi
1246 929 1565 970 retardationem
1585 930 1784 984 majorem
1804 930 1848 970 in
1868 944 1986 986 syzy-

270 1001 349 1060 giis
370 1002 496 1058 quam
515 1003 559 1042 in
580 1000 843 1057 quadraturis
863 1000 1060 1050 indicare,
1082 1001 1242 1043 etiamsi
1258 1004 1357 1041 'eum
1378 1000 1431 1042 ob
1453 1015 1633 1042 summas
1655 1001 1916 1043 difficultates
1932 1001 1986 1043 ad

270 1076 397 1117 finem
426 1074 656 1130 perducere
686 1088 771 1114 non
800 1073 1074 1122 valuerimus;
1105 1073 1269 1114 interim
1289 1081 1428 1114 tamen
1448 1074 1544 1114 satis
1564 1073 1735 1128 planum
1757 1080 1819 1114 est
1838 1073 1987 1128 praeci-

269 1161 397 1202 puam
429 1147 516 1201 ejus
547 1159 714 1187 causam
743 1144 787 1185 in
817 1143 907 1199 ipsa
937 1143 1083 1186 natura
1114 1158 1233 1200 aquae
1254 1159 1340 1184 esse
1362 1144 1641 1200 quaerendam.
1706 1145 1817 1186 Haec
1847 1154 1988 1187 autem

269 1219 392 1260 allata
421 1218 526 1259 ratio
554 1217 844 1259 retardationis
875 1232 900 1258 a
930 1216 1182 1258 Flamstedio
1201 1217 1381 1258 maxime
1401 1218 1614 1272 probatur,
1645 1218 1798 1274 quippe
1820 1219 1892 1274 qui
1912 1219 1988 1261 ob-

271 1291 450 1333 servavit
482 1291 709 1332 maximam
740 1290 1062 1333 retardationem
1095 1306 1182 1332 non
1209 1300 1295 1333 tam
1315 1293 1504 1350 ‘syzygiis
1538 1284 1820 1342 luminarium,
1851 1307 1987 1348 neque

269 1363 484 1404 minimam
518 1363 782 1419 quadraturis
816 1363 1082 1418 respondere,
1118 1364 1192 1405 sed
1229 1364 1279 1406 iis
1313 1365 1639 1420 tempestatibus,
1682 1356 1831 1420 quibus
1863 1371 1988 1408 aestus
2025 1408 2030 1412 ,

267 1437 429 1479 soleant
457 1452 545 1478 esse
572 1436 741 1478 maximi
765 1443 807 1478 et
826 1436 998 1487 minimi,
1030 1436 1074 1477 id
1095 1436 1208 1492 quod
1228 1436 1398 1478 demum
1423 1445 1518 1492 post
1538 1436 1727 1493 syzygias
1748 1443 1790 1478 et
1810 1436 1987 1492 quadra-

269 1517 385 1552 turas
406 1510 622 1567 contingit.
1449 1514 1458 1522 '

331 1586 363 1637 §.
385 1588 453 1625 91.
491 1582 562 1623 Ad
592 1582 702 1624 hanc
733 1589 871 1624 autem
906 1582 1096 1623 fluxuum
1132 1597 1157 1623 a
1186 1581 1360 1638 syzygiis
1390 1580 1444 1622 ad
1476 1580 1749 1637 quadraturas
1783 1579 1987 1623 accelera-

268 1653 441 1703 tionem,
475 1661 667 1709 respectu
696 1652 891 1695 transitus
928 1652 1063 1694 Lunae
1095 1667 1170 1707 per
1201 1652 1489 1703 meridianum,
1526 1667 1575 1694 ac
1609 1651 1929 1694 retardationem
1963 1668 1990 1694 a
2054 1695 2059 1701 ,
2090 1645 2092 1651 ’

268 1723 533 1779 quadraturis
567 1724 621 1765 ad
657 1723 857 1780 syzygias,
890 1722 1117 1777 plurimum
1149 1737 1316 1779 quoque
1346 1723 1406 1764 vis
1445 1722 1551 1764 Solis
1586 1722 1773 1764 conferre
1806 1722 1984 1765 videtur.

270 1793 411 1850 Supra
441 1795 551 1836 enim
575 1796 663 1850 jam
694 1795 965 1836 indicavimus
994 1803 1089 1850 post
1111 1795 1296 1851 syzygias
1315 1795 1477 1836 fluxum
1497 1794 1717 1836 transitum
1748 1794 1884 1836 Lunae
1911 1810 1988 1850 per
2010 1800 2016 1808 '

267 1865 546 1908 meridianum
578 1866 822 1909 antecedere
854 1867 1020 1916 debere,
1062 1867 1116 1908 ob
1151 1867 1290 1909 Solem
1319 1875 1408 1909 tum
1433 1869 1523 1923 jam
1554 1866 1698 1908 versus
1730 1867 1987 1909 horizontem

269 1938 548 1980 declinantem
560 1954 571 1988 ;
603 1938 716 1980 unde
737 1938 873 1988 etiam,
898 1937 1074 1980 stabilita
1095 1938 1256 1990 inertia,
1288 1938 1436 1980 diebus
1457 1938 1669 1980 novilunia
1690 1953 1739 1979 ac
1758 1938 1990 1994 plenilunia
2005 1942 2010 1947 '
2028 1950 2030 1953 ’
2077 1947 2082 1953 ’

267 2009 534 2066 sequentibus
565 2018 690 2051 aestus
720 2010 846 2051 maris
877 2009 996 2051 citius
1025 2010 1187 2066 insequi
1206 2010 1332 2052 debet
1351 2010 1572 2052 transitum
1603 2011 1739 2052 Lunae
1767 2026 1843 2067 per
1863 2012 1988 2053 meri-

271 2073 456 2133 dianam,
493 2081 618 2138 quam
651 2083 695 2123 in
718 2080 828 2137 'ipsis
863 2083 1054 2140 syzygiis,
1092 2083 1137 2124 id
1165 2083 1279 2139 quod
1309 2083 1432 2125 etiam
1468 2083 1775 2124 observationes
1809 2082 1984 2125 mirifice

268 2159 538 2208 confirmant3
569 2158 678 2199 inter
706 2157 870 2200 fluxum
899 2157 1009 2200 enim
1039 2157 1229 2214 quintum
1260 2166 1302 2199 et
1331 2167 1497 2200 sextum
1525 2165 1619 2212 post
1645 2157 1830 2214 syzygias
1850 2165 1980 2199 retar-
2009 2171 2013 2175 ·

213 2278 217 2282 ,
265 2231 381 2273 datio
400 2238 592 2286 respectu
614 2230 722 2272 Solis
742 2238 904 2272 tantum
929 2234 979 2274 17
1000 2230 1145 2274 minut.
1168 2229 1506 2286 deprehenditur,
1521 2228 1617 2272 clim
1630 2237 1770 2271 tamen
1790 2229 1915 2271 Luna
1929 2234 1985 2271 24·

267 2302 414 2343 minut.
437 2302 684 2343 retardetur.
742 2301 871 2343 Hanc
894 2302 948 2342 ob
970 2316 1059 2342 rem
1080 2317 1104 2342 a
1128 2301 1224 2343 Sole
1245 2301 1542 2343 determinatur
1561 2308 1687 2342 aestus
1707 2300 1762 2342 ad
1781 2300 1986 2342 actionem

267 2374 420 2416 virium
449 2375 581 2432 magis
612 2373 756 2416 exacte
786 2374 1053 2430 sequendam,
1086 2389 1179 2430 quae
1209 2373 1497 2417 determinatio
1518 2370 1613 2415 cum
1639 2373 1761 2415 duret
1779 2387 1911 2428 usque
1931 2372 1986 2413 ad

269 2447 556 2504 quadraturas,
588 2447 740 2488 mirum
760 2462 843 2488 non
864 2457 939 2500 est,
976 2446 1089 2504 quod
1108 2454 1234 2489 aestus
1254 2445 1343 2507 tum
1364 2453 1555 2501 respectu
1585 2442 1861 2487 Lunae'citius
1882 2459 1982 2486 con-

268 2520 446 2577 tingant,
469 2519 684 2577 magisque
704 2519 758 2561 ad
779 2519 982 2561 calculum
999 2518 1212 2576 accedant,
1247 2512 1530 2559 'Contrarium
1545 2506 1680 2558 evenit
1700 2515 1741 2556 in
1758 2529 1985 2573 progressu

271 2608 297 2636 a
328 2594 592 2651 quadraturis
622 2593 677 2635 ad
706 2593 905 2650 syzygias,
937 2593 1020 2649 quo
1040 2601 1227 2648 tempore
1246 2598 1370 2633 aestus
1391 2606 1416 2632 a
1438 2590 1534 2632 Sole
1555 2587 1751 2630 continuo
1771 2587 1984 2630 retardan-

267 2673 351 2717 tur,
375 2666 540 2722 hocque
559 2663 792 2707 necessario
813 2665 999 2715 efficitur,
1031 2672 1078 2706 ut
1103 2664 1271 2705 tandem
1291 2663 1334 2704 in
1354 2662 1452 2718 ipsis
1474 2661 1648 2718 syzygiis
1667 2661 1805 2703 fluxus
1825 2659 1983 2704 tardius

269 2738 515 2794 insequatur
547 2737 683 2779 Lunae
716 2736 1051 2778 culminationem
1086 2734 1209 2792 quam
1243 2735 1287 2776 in
1323 2733 1595 2790 quadraturis.
1678 2732 1806 2774 Hanc
1845 2740 1983 2774 autem

270 2810 476 2851 rationem
506 2825 602 2851 cum
631 2808 919 2866 magnitudine
949 2806 1073 2848 aestfis
1104 2804 1433 2864 conjungendam
1469 2819 1557 2845 esse
1587 2813 1779 2858 putamus
1810 2803 1863 2845 ad
1891 2803 1984 2845 haec

270 2881 548 2937 phaenomena
566 2882 751 2938 perfecte
771 2880 1029 2938 explicanda,
1054 2877 1275 2935 saepissime
1297 2878 1404 2919 enim
1436 2877 1478 2918 in
1498 2877 1577 2919 hac
1598 2876 1822 2933 quaestione
1842 2875 1983 2931 plures

271 2967 408 2994 causae
439 2954 493 2996 ad
523 2954 702 2996 eundem
731 2954 923 2996 effectum
951 2950 1267 3008 producendum
1295 2958 1568 2998 concurrunt3
1598 2947 1679 2989 hoc
1699 2955 1836 2990 autem
1857 2956 1919 2989 est
1939 2947 1983 2988 id

273 3023 410 3078 ipsum
440 3025 553 3080 quod
582 3025 763 3067 calculus
793 3025 863 3066 ille
893 3020 1154 3080 summopere
1184 3021 1416 3077 implicatus
1450 3028 1492 3062 et
1522 3019 1719 3062 molestus
1751 3019 1868 3075 quasi
1906 3022 1982 3074 per

271 3103 536 3138 transennam
557 3097 774 3140 ostendere
794 3096 905 3138 visus
926 3103 998 3138 est.
