2092 3470
265 232 347 270 332
597 227 952 278 INQUISITIO
984 228 1255 272 PHYSICA
1287 227 1354 270 IN
1385 227 1644 271 CAUSAM

257 350 417 393 aestum,
439 357 616 399 quorum
636 343 751 394 alter,
775 344 847 400 qui
866 344 1033 401 quidem
1051 343 1176 401 longe
1197 351 1259 385 est
1278 344 1426 394 minor,
1447 358 1524 399 per
1545 344 1716 386 Fretum
1741 343 1965 395 Gallicum,

256 414 360 456 alter
390 414 499 456 circa
532 415 713 456 Scotiam
742 415 961 458 advehitur
989 431 1043 458 ex
1073 416 1219 458 eodem
1243 415 1413 457 Oceano
1434 416 1668 458 Atlantico:
1709 416 1766 458 ita
1795 424 1967 472 propter

255 484 507 539 singularem
541 484 728 529 littorum
761 486 1037 543 quorumdam
1072 487 1195 527 situm
1228 486 1434 527 mirabilia
1470 486 1746 542 phaenomena
1783 487 1827 528 in
1861 495 1965 529 aestu

252 556 377 596 maris
399 556 562 597 evenire
581 565 769 612 possunt.
785 601 788 604 ,
823 557 951 607 Quod
971 558 1005 599 si
1026 558 1137 599 enim
1156 558 1270 599 littus
1292 557 1518 614 quodpiam
1537 558 1595 599 ita
1607 557 1730 600 fuerit
1750 573 1964 614 compara-

251 634 353 676 tum,
377 633 424 667 ut
440 634 568 670 aestus
589 627 633 668 in
652 627 697 668 id
715 627 871 683 duplici
891 628 956 670 via
978 628 1043 669 vel
1064 643 1117 669 ex
1137 628 1283 670 eodem
1305 643 1473 678 oceano,
1500 628 1566 669 vel
1585 642 1639 669 ex
1659 628 1829 670 diversis
1850 643 1963 670 com-

249 698 498 750 municetur,
530 701 688 742 ratione
718 701 928 756 temporis,
962 717 1044 757 quo
1065 701 1149 743 bini
1178 702 1246 743 isti
1266 709 1390 742 aestus
1411 700 1648 751 adveniunt,
1679 700 1859 757 insignes
1879 701 1962 743 dis-

248 771 472 825 crepantiae
492 772 591 813 oriri
610 780 820 827 poterunt.
881 773 992 814 Nam
1014 774 1047 814 si
1066 788 1141 828 per
1161 781 1378 829 utramque
1398 772 1506 813 viam
1525 772 1663 813 fluxus
1693 772 1839 813 eodem
1858 779 1962 814 tem-

246 858 350 899 pore
370 844 611 895 advehatur,
636 853 760 900 atque
781 845 885 886 adeo
916 846 1039 886 simul
1065 846 1247 886 refluxus
1269 852 1512 902 congruant,
1538 851 1662 885 aestus
1679 844 1812 886 multo
1833 845 1962 900 majo-

244 931 310 958 res
344 917 519 959 existere
553 917 777 959 debebunt.
843 916 916 958 Sin
948 925 1086 959 autem
1121 933 1170 959 eo
1191 925 1391 973 tempore,
1428 932 1510 973 quo
1543 931 1620 971 per
1654 916 1822 958 alteram
1852 915 1962 957 viam

243 988 381 1030 fluxus
401 989 580 1038 advenit,
612 1003 664 1030 ex
685 987 813 1030 altera
834 987 899 1029 via
920 989 1104 1030 refluxus
1124 989 1290 1038 incidat,
1323 997 1411 1029 tum
1436 995 1559 1029 aestus
1586 987 1756 1028 omnino
1776 987 1961 1028 destrue-

243 1066 312 1099 tur
341 1059 376 1099 si
406 1058 574 1114 quidem
603 1073 679 1113 per
709 1066 928 1114 utramque
956 1059 1065 1100 viam
1087 1074 1195 1114 aqua
1214 1059 1426 1115 aequaliter
1445 1058 1509 1101 vel
1540 1057 1681 1099 affluat
1699 1057 1764 1099 vel
1794 1057 1960 1101 defluat.

242 1128 314 1170 Ad
343 1128 424 1169 hoc
453 1127 551 1169 vero
571 1142 656 1169 non
677 1129 827 1170 sufficit
846 1129 980 1170 ambae
999 1129 1077 1170 viae
1098 1129 1179 1170 sint
1199 1129 1391 1185 aequales,
1423 1129 1496 1170 sed
1517 1129 1640 1170 etiam
1660 1127 1885 1184 requiritur
1914 1136 1961 1169 ut

240 1200 329 1242 bini
349 1210 474 1242 aestus
496 1202 713 1242 successivi
735 1202 817 1242 sint
837 1202 1029 1256 aequales,
1049 1201 1096 1243 id
1117 1201 1230 1256 quod
1249 1201 1385 1242 evenit
1405 1202 1439 1242 si
1470 1201 1593 1242 Luna
1611 1200 1677 1242 vel
1702 1215 1788 1241 non
1808 1200 1961 1242 habeat

239 1272 572 1323 declinationem,
605 1272 670 1314 vel
698 1272 814 1313 littus
838 1272 881 1312 in
902 1280 1113 1328 aequatore
1133 1271 1256 1313 fuerit
1275 1272 1468 1327 positum.
1531 1271 1659 1320 Quod
1679 1271 1714 1312 si
1732 1279 1870 1312 autem
1892 1271 1960 1313 ea-

239 1344 336 1386 dem
357 1345 515 1399 duplici
554 1345 929 1386 communicatione
971 1345 1122 1399 posita,
1163 1352 1249 1386 tam
1284 1334 1416 1387 Luna*
1441 1345 1593 1386 habeat
1626 1344 1958 1395 declinationem,
1984 1388 1987 1391 ,

239 1416 364 1473 quam
397 1417 511 1459 littus
547 1417 783 1459 notabiliter
818 1417 872 1458 ab
908 1425 1118 1473 aequatore
1149 1417 1201 1458 sit
1230 1425 1403 1467 motum,
1435 1425 1524 1458 tum
1555 1417 1609 1457 ob
1638 1415 1960 1472 inaequalitatem

239 1489 436 1530 binorum
466 1496 644 1529 aestuum
665 1503 754 1530 sese
774 1488 1092 1544 insequentium,
1124 1489 1265 1530 fluxus
1286 1490 1463 1544 majores
1484 1503 1537 1530 ex
1557 1487 1685 1530 altera
1706 1487 1771 1530 via
1793 1487 1960 1530 adveni-

238 1568 365 1610 entes,
405 1559 661 1614 superabunt
693 1560 876 1600 refluxus
911 1559 1094 1600 minores
1129 1560 1277 1601 eodem
1312 1568 1498 1615 tempore
1532 1574 1609 1614 per
1644 1559 1815 1600 alteram
1850 1559 1959 1600 viam

236 1631 381 1682 factos,
405 1639 529 1687 atque
551 1631 632 1673 hoc
652 1632 780 1673 modo
802 1633 846 1672 in
866 1632 938 1673 tali
967 1632 1105 1673 littore
1127 1633 1299 1690 singulis
1324 1633 1469 1674 diebus
1489 1647 1575 1673 non
1594 1632 1683 1674 bini
1700 1632 1854 1683 fluxus,
1885 1631 1956 1673 sed

239 1721 347 1747 unus
378 1713 541 1748 tantum
571 1705 731 1747 accidet
744 1721 756 1756 3
791 1705 982 1761 hancque
1012 1706 1214 1747 rationem
1244 1707 1395 1763 allegat
1426 1706 1653 1748 Newtonus
1688 1704 1814 1746 aestfis
1845 1704 1955 1746 illius

242 1779 462 1836 singularis
494 1779 714 1834 Tunquini
743 1779 963 1829 observati,
986 1779 1057 1820 ubi
1088 1779 1122 1820 si
1149 1779 1273 1821 Luna
1292 1780 1335 1819 in
1357 1787 1568 1835 aequatore
1586 1785 1787 1829 versatur,
1818 1777 1954 1819 nullus

236 1844 360 1893 aestus
391 1849 731 1907 deprehenditur,
764 1851 827 1892 sin
857 1860 996 1892 autem
1019 1851 1143 1892 Luna
1162 1850 1314 1893 habeat
1334 1851 1665 1900 declinationem,
1697 1850 1845 1890 unicus
1865 1856 1955 1891 tan-

236 1930 326 1963 tum
354 1920 438 1963 una
470 1922 607 1963 Lunae
634 1921 895 1962 revolutione
916 1922 1026 1962 circa
1048 1921 1238 1963 Terram.
1300 1922 1391 1963 Nos
1412 1929 1549 1963 autem
1568 1935 1669 1962 mox
1687 1919 1809 1976 hujus
1830 1919 1954 1961 mira-

234 1995 330 2036 bilis
361 1993 629 2049 phaenomeni
660 1993 784 2034 aliam
812 1994 944 2051 magis
977 1994 1210 2035 naturalem
1237 2001 1474 2051 nostraeque
1503 1993 1674 2035 theoriae
1702 1992 1954 2035 conformem

236 2065 514 2108 indicabimus
536 2079 715 2106 causam.

290 2143 321 2193 ᾧ.
348 2144 442 2180 118.
473 2138 693 2180 Hactenus
714 2144 863 2178 aestum
884 2136 1020 2187 maris,
1045 2137 1396 2193 quemadmodum
1415 2137 1460 2179 in
1480 2136 1734 2193 amplissimo
1753 2149 1908 2177 oceano
1928 2149 1952 2177 a

235 2212 391 2254 viribus
419 2211 474 2253 ad
495 2211 661 2253 Lunam
681 2225 731 2253 ac
752 2211 893 2252 Solem
914 2211 1177 2252 tendentibus
1200 2211 1469 2266 producatur,
1491 2219 1614 2267 atque
1633 2211 1747 2253 vario
1766 2209 1952 2251 littorum

237 2284 321 2326 situ
359 2282 456 2325 cum
496 2283 656 2324 ratione
699 2282 937 2338 quantitatis
976 2280 1066 2324 tum
1106 2282 1395 2324 retardationis
1435 2281 1710 2344 diversimode
1747 2280 1949 2330 turbetur,

238 2371 380 2397 sumus
411 2355 692 2410 contemplati,
725 2369 862 2410 neque
881 2365 1049 2396 necesse
1069 2369 1156 2396 esse
1178 2355 1372 2396 duximus
1393 2363 1611 2396 ventorum
1630 2353 1836 2409 marisque
1857 2344 1952 2393 cur-

183 2421 187 2423 *
238 2441 357 2468 suum
390 2426 658 2482 propriorum
692 2426 892 2467 rationem
929 2425 1110 2468 habere:
1156 2425 1252 2468 cum
1287 2426 1381 2468 satis
1414 2441 1595 2481 pronum
1621 2426 1674 2468 sit
1701 2423 1949 2480 perspicere,

239 2500 450 2558 quomodo
479 2500 544 2542 his
575 2500 698 2542 rebus
729 2508 853 2542 aestus
873 2500 997 2541 maris
1027 2508 1112 2541 tam
1132 2501 1275 2558 augeri
1295 2501 1361 2542 vel
1380 2500 1566 2550 diminui,
1589 2497 1713 2555 quam
1731 2497 1952 2539 accelerari

236 2573 303 2615 vel
329 2572 531 2614 retardari
560 2572 721 2614 debeat.
784 2573 979 2627 Superest
1002 2572 1131 2629 igitur
1157 2580 1204 2613 ut
1235 2586 1504 2626 exponamus,
1538 2569 1746 2626 quomodo
1777 2569 1821 2610 in
1852 2567 1950 2611 satis

238 2644 377 2699 amplo
406 2650 541 2685 tractu
569 2643 708 2693 maris,
741 2643 812 2698 qui
842 2642 894 2683 ab
914 2657 1070 2684 oceano
1090 2642 1156 2684 vel
1176 2643 1345 2684 omnino
1366 2650 1428 2683 est
1455 2642 1675 2697 sejunctuS,
1699 2638 1763 2681 vel
1781 2652 1858 2694 per
1876 2653 1950 2680 an-

237 2725 409 2774 gustum
438 2714 600 2758 tantum
629 2715 817 2757 canalem
846 2717 1102 2771 conjunctus,
1133 2715 1352 2770 peculiaris
1371 2722 1495 2755 aestus
1518 2729 1542 2754 a
1561 2712 1717 2754 viribus
1747 2711 1883 2769 Luna}
1900 2724 1950 2753 ac

240 2791 348 2832 Solis
379 2792 555 2847 produci
588 2800 722 2848 queat.
787 2792 1060 2847 Perspicuum
1092 2792 1203 2832 enim
1237 2798 1311 2841 est,
1346 2789 1380 2830 si
1411 2788 1504 2830 talis
1538 2794 1691 2829 tractus
1720 2782 1949 2827 secundnm

236 2861 542 2918 longitudinem
563 2863 671 2904 ultra
704 2870 758 2905 90
787 2863 942 2919 gradus
961 2869 1113 2917 pateat,
1147 2869 1294 2902 aestum
1313 2859 1404 2915 pari
1424 2858 1549 2899 modo
1572 2855 1761 2915 generari
1781 2855 1946 2906 debere,

243 2949 291 2976 ac
324 2935 367 2975 in
400 2937 653 2990 amplissimo
685 2951 852 2987 oceano,
887 2936 959 2991 qui
993 2943 1123 2976 totam
1158 2933 1372 2975 Tellurem
1406 2931 1563 2973 ambire
1595 2930 1776 2985 ponitur.
1835 2927 1948 2969 Nam

238 3005 434 3060 quoniam
467 3007 652 3048 extensio
679 3014 792 3048 tanta
821 3015 895 3057 est,
927 3015 973 3048 ut
1002 3006 1109 3047 vires
1142 3005 1277 3046 Lunae
1306 3012 1347 3045 et
1378 3003 1486 3046 Solis
1514 3003 1558 3044 in
1587 3017 1639 3044 eo
1664 3007 1798 3044 tractu
1824 2998 1948 3041 simul

238 3077 461 3120 maximam
490 3093 538 3119 ac
567 3079 782 3120 minimam
812 3093 931 3135 aquae
967 3077 1227 3120 altitudinem
1258 3077 1455 3119 inducere
1486 3083 1648 3133 queant,
1680 3087 1852 3116 >necesse
1885 3077 1948 3115 est
