2092 3470
177 193 284 237 cst.
307 193 390 246 ΙΙ.]
668 193 756 235 AD
786 192 1085 237 TERTIUM
1115 193 1380 238 LIBRUM.
1545 191 1547 193 ¹
1774 191 1893 246 xxvii

176 308 218 350 A
237 323 265 365 q
286 308 341 359 T,
371 307 431 350 ita
450 323 480 364 q
499 307 542 350 T
560 307 616 350 ad
634 308 676 351 A
697 307 752 359 T,
772 308 951 364 ideoque
971 323 1024 350 ex
1044 323 1178 364 aequo,
1212 308 1326 350 sinus
1352 309 1612 363 parallaxeos
1639 312 1680 354 A
1702 311 1747 362 Q
1768 311 1810 354 T
1829 319 1893 353 est

171 379 227 421 ad
256 378 682 434 sinum—«parallaxeos
712 379 754 420 A
783 394 812 435 q
843 379 886 420 T
914 387 962 421 ut
990 394 1018 435 q
1048 379 1091 420 T
1110 378 1164 420 ad
1186 378 1229 428 Q
1251 379 1306 420 T.
1367 379 1436 420 Ex
1456 395 1539 435 quo
1559 383 1684 423 etiam
1705 382 1892 438 sequitur

172 451 356 494 siderum
383 451 429 492 in
457 450 604 493 eadem
633 450 850 492 altitudine
879 459 1106 506 apparente
1134 451 1419 502 existentium,
1439 450 1563 507 hujus
1583 455 1783 509 majorem
1801 469 1892 497 esse

171 522 416 579 parallaxim
438 523 552 579 quod
570 516 853 564 minfls‘distat
871 539 897 564 a
916 531 1060 566 centro
1080 531 1216 565 terrae.

229 602 297 638 33.
331 595 561 638 Parallaxis
593 594 836 645 altitudinis,
869 595 930 637 uti
961 595 1015 637 de
1049 595 1298 643 refractione
1332 595 1491 638 dictum
1522 604 1600 646 est,
1640 597 1787 640 sideris
1819 599 1892 641 de-

169 667 446 718 clinationem,
486 667 769 710 ascensionem
809 676 978 718 rectam,
1020 667 1327 725 longitudinem
1362 676 1404 710 et
1437 668 1700 710 latitudinem
1734 679 1889 720 mutat3

169 748 211 783 et
239 740 387 784 eodem
415 740 547 782 modo
577 755 661 796 quo
690 755 744 781 ex
772 739 1018 782 refractione
1050 740 1280 783 altitudinis
1315 742 1587 784 inveniuntur
1617 742 1711 783 aliae
1740 742 1892 785 restae-

168 813 331 855 tionum
349 812 520 868 species,
542 812 601 854 sic
621 826 675 853 ex
695 811 791 854 data
812 812 1019 867 parallaxi
1038 813 1267 855 altitudinis
1289 822 1492 856 eruuntur
1511 815 1745 870 parallaxes
1765 815 1892 857 decli-

166 885 360 936 nat10nis,
401 885 652 926 ascensionis
692 893 831 935 rectae,
873 884 1147 943 longitudinis
1187 895 1228 928 et
1269 886 1500 930 latitudinis
1512 904 1524 938 3
1576 888 1679 931 illud
1726 904 1892 946 quoque

167 957 472 1000 observandum
501 964 564 998 est
592 956 737 998 sideris
766 956 811 997 in
836 957 1066 999 meridiano
1097 958 1312 1005 existentis
1333 959 1493 1000 nullam
1521 975 1612 1002 esse
1640 960 1893 1002 ascensionis

166 1031 292 1074 re'ctae
321 1030 610 1073 restactionem
636 1045 714 1072 nec
742 1030 1012 1085 parallaxim3
1046 1029 1144 1073 cum
1177 1032 1287 1073 enim
1314 1032 1544 1074 altitudinis
1564 1032 1758 1076 refractio
1778 1033 1893 1074 sidus

167 1104 340 1156 attollat,
381 1112 423 1146 et
461 1103 688 1145 altitudinis
727 1103 951 1159 parallaxis
984 1104 1090 1146 illud
1130 1105 1351 1161 deprimat,
1392 1106 1437 1147 in
1471 1106 1622 1150 eodem
1660 1106 1894 1148 meridiano

167 1191 242 1218 seu
272 1176 429 1219 circulo
462 1176 749 1218 declinationis
785 1178 878 1231 (per
909 1175 1029 1233 hyp.)
1064 1178 1253 1219 ascensio
1287 1183 1401 1220 re'cta
1433 1178 1533 1221 inde
1567 1195 1655 1221 non
1689 1188 1888 1222 mutatur.

170 1248 370 1292 Similiter
400 1250 438 1290 si
473 1248 651 1290 circulus
680 1248 885 1290 verticalis
915 1248 959 1290 in
988 1265 1074 1306 quo
1102 1250 1217 1292 sidus
1246 1251 1453 1306 reperitur
1488 1252 1541 1294 sit
1574 1253 1629 1294 ad
1660 1252 1893 1308 eclipticam

165 1322 537 1378 perpendiculariS,
561 1322 677 1364 nulla
696 1322 775 1364 erit
793 1320 1067 1379 longitudinis
1089 1322 1283 1366 refractio
1301 1324 1499 1381 nullaque
1517 1326 1767 1381 parallaxis3
1794 1341 1894 1367 nam

165 1393 211 1434 in
229 1393 311 1435 hoc
331 1409 430 1436 casu
450 1393 629 1435 circulus
649 1393 856 1435 verticalis
876 1402 940 1435 est
960 1394 1083 1435 simul
1104 1394 1283 1436 circulus
1303 1395 1557 1447 latitudinis,·
1582 1404 1624 1438 et
1643 1396 1829 1438 siderum
1848 1397 1893 1438 in

166 1465 314 1508 eodem
333 1465 562 1508 latitudinis
584 1465 741 1509 circulo
761 1465 1027 1507 existentium
1047 1465 1269 1522 longitudo
1290 1475 1352 1509 est
1371 1468 1531 1510 eadem.

158 1566 162 1569 >
226 1543 294 1580 34.
325 1537 439 1580 Data
462 1534 700 1579 ‘differentia
730 1536 1004 1594 longitudinis
1032 1537 1220 1579 locorum
1252 1538 1431 1581 duorum
1451 1540 1495 1580 in
1516 1540 1735 1595 superficie
1754 1549 1891 1592 terroe,

166 1624 242 1651 seu
275 1609 375 1652 dato
408 1625 509 1652 arcu
543 1609 768 1666 aequatoris
803 1609 913 1651 inter
942 1609 1134 1651 locorum
1163 1610 1330 1652 illorum
1359 1612 1611 1655 meridianos
1645 1613 1890 1670 intercepte,

166 1681 292 1724 datur
319 1690 485 1738 tempus
515 1697 599 1739 quo
632 1681 706 1724 Sol
732 1681 799 1723 vel
828 1681 946 1724 stella
966 1681 1053 1723 fixa
1072 1682 1126 1723 ab
1146 1697 1232 1724 uno
1252 1683 1484 1726 meridiano
1505 1685 1559 1726 ad
1579 1685 1756 1727 alterum
1774 1694 1893 1728 motu

161 1753 319 1809 ‚diurno
347 1753 496 1795 transit
524 1754 644 1810 (16);
675 1762 718 1796 et
746 1752 844 1795 inde
873 1753 1040 1795 definiri
1068 1762 1208 1809 potest
1236 1763 1379 1798 utrum
1406 1757 1719 1800 observationes
1745 1759 1790 1800 in
1810 1759 1891 1801 illis

169 1824 333 1866 duobus
363 1824 465 1866 locis
494 1824 664 1875 habitae,
696 1824 978 1880 respondeant
1004 1824 1140 1866 eidem
1166 1826 1366 1880 temporis
1399 1827 1580 1870 absoluti
1605 1837 1818 1872 momento
1838 1845 1892 1871 an

165 1912 265 1940 non.
340 1898 480 1940 Facile
515 1898 628 1940 idem
662 1898 886 1939 innotescit
921 1913 998 1954 per
1033 1899 1171 1941 Lunae
1205 1907 1247 1940 et
1281 1899 1397 1941 Jovis
1432 1901 1655 1943 satellitum
1691 1903 1891 1958 eclipses;

168 1970 317 2012 eodem
343 1971 455 2012 enim
482 1978 695 2012 momento
726 1970 925 2026 temporis
955 1969 1118 2025 eclipsis
1138 1970 1217 2011 ini-

165 2043 271 2084 tium
291 2057 339 2084 ac
361 2042 469 2093 finis,
497 2051 538 2084 et
551 2043 809 2084 macularum
827 2043 870 2083 in
887 2042 1010 2084 Luna
1026 2051 1221 2084 notarum

165 2115 378 2157 immersio
400 2115 445 2156 in
465 2115 656 2156 umbram
686 2115 749 2155 vel
782 2116 960 2157 emersio
989 2130 1042 2157 ex
1071 2115 1220 2157 umbra

167 2201 222 2230 ex
253 2187 446 2228 omnibus
481 2195 604 2228 terrae
634 2186 736 2229 locis
767 2186 879 2228 unde
910 2188 1095 2244 conspici
1123 2202 1220 2242 pos-

168 2267 265 2301 sunt
294 2259 498 2311 videntur‚
531 2259 654 2316 atque
676 2274 731 2301 ex
750 2259 816 2301 his
837 2259 1125 2314 phaenomenis
1140 2258 1219 2300 dif-

168 2331 344 2374 ferentia
372 2331 644 2389 longitudinis
679 2324 870 2373 locorum
906 2331 1218 2373 determinatur.

172 2404 257 2446 His
271 2404 414 2460 positis
428 2405 463 2446 si
476 2420 530 2446 ex
542 2405 645 2446 locis
661 2404 826 2446 duobus
844 2404 885 2445 A
905 2412 947 2445 et
969 2392 1019 2455 13,
1038 2419 1218 2460 quorum

174 2475 369 2518 distantia
402 2477 444 2518 A
475 2477 521 2520 D
558 2477 596 2519 B
631 2477 728 2519 data
755 2486 829 2527 est,
860 2476 1128 2532 phaenomeni
1153 2476 1219 2518 vel

171 2548 317 2590 sideris
349 2549 386 2590 P
415 2549 458 2590 in
486 2549 614 2605 plano
637 2549 819 2591 verticali
840 2550 882 2591 A
904 2549 940 2591 P
963 2549 1001 2590 B
1022 2549 1076 2601 T,
1109 2550 1219 2591 exis—

170 2620 294 2663 tentis
323 2621 562 2663 altitudines
590 2630 836 2677 apparentes
857 2630 898 2663 et
918 2638 943 2663 a
962 2621 1219 2664 refractioni-

172 2694 251 2735 bus
271 2693 415 2734 liberae
435 2693 664 2735 observatae
684 2693 838 2735 fuerint
853 2693 1000 2735 eodem
1015 2702 1215 2750 tempore,

167 2766 345 2814 inveniri
378 2765 532 2820 poterit
562 2766 706 2821 puncti
739 2766 776 2807 P
805 2766 1028 2821 parallaxis
1059 2774 1100 2808 et
1134 2766 1218 2808 dis-

170 2838 299 2879 tantia
319 2854 344 2880 a
363 2846 507 2879 centro
527 2845 650 2880 terrae
672 2838 708 2880 P
729 2839 784 2880 T.
847 2838 958 2880 Nam
979 2853 1055 2894 per
1075 2839 1216 2880 obser-

169 2909 377 2951 vationem
410 2909 637 2952 altitudinis
678 2911 913 2966 apparentis
949 2912 992 2952 in
1025 2912 1119 2954 loco
1154 2912 1209 2962 A,

173 2981 294 3025 datur
324 2984 502 3041 angulus
536 2984 573 3026 C
598 2984 639 3026 A
662 2985 712 3037 P,
745 2985 939 3027 distantia
966 3000 1170 3042 apparens
1191 2984 1336 3035 sideris
1363 3000 1388 3026 a
1415 2983 1567 3026 vertice
1587 2991 1629 3025 et
1647 2981 1745 3025 inde
1766 2983 1887 3026 datur
