2092 3470
239 210 321 247 284
559 207 912 258 INQUISITIO
945 206 1219 250 PHYSICA
1248 204 1313 247 IN
1347 201 1605 247 CAUSAM

237 315 485 359 servationes
517 315 623 356 ratio
654 315 806 370 poterit
838 315 1012 357 inveniri
1055 314 1163 355 inter
1196 313 1300 355 vires
1337 314 1444 357 Solis
1477 322 1520 356 et
1559 314 1694 356 Lunae
1728 313 1937 355 absolutas

239 391 270 432 S
289 398 330 432 et
350 390 402 440 L,
425 404 518 446 quae
539 397 602 431 est
620 390 711 445 ipsa
728 390 794 432 via
814 390 895 447 qua
929 390 1154 431 Newtonus
1176 396 1238 431 est
1256 404 1354 431 usus
1374 390 1428 432 ad
1447 391 1531 432 vim
1551 390 1686 432 Lunae
1707 390 1938 431 absolutam

236 459 528 510 definiendam,
561 458 656 502 cum
674 460 735 503 vis
757 461 864 503 Solis
889 461 941 502 sit
970 460 1161 517 cognita:
1194 460 1306 515 quod
1324 461 1550 518 negotium,
1573 459 1668 502 cum
1688 476 1713 502 a
1732 461 1938 502 Newtono

235 544 322 570 non
343 529 438 571 satis
459 529 648 572 accurate
668 530 720 572 sit
737 538 1046 586 pertractatum,
1076 544 1152 571 nos
1181 529 1226 571 id
1246 545 1300 571 ex
1317 530 1404 572 istis
1423 531 1636 586 principiis
1657 532 1936 587 expediemus.

239 601 461 657 Exprimat
488 603 616 660 igitur
643 618 688 645 m
713 615 724 647 τ
753 619 783 645 n
802 603 1003 645 rationem
1033 602 1343 644 intervallorum
1363 617 1519 654 eorum,
1547 589 1628 657 per
1647 617 1740 659 quae
1760 616 1938 645 oceanus

234 675 278 715 in
314 674 412 716 dato
446 675 594 717 Terrae
633 675 740 726 loco,
789 674 885 717 cum
923 675 968 715 in
1008 673 1182 731 syzygiis
1218 674 1483 715 luminarium
1517 688 1645 730 quum
1680 674 1939 730 quadraturis

235 753 421 801 tempore
448 746 804 802 aequinoctiorum,
836 744 1097 857 achendendo
1117 743 1488 800 descendendoque
1517 743 1752 793 oscillatur3
1781 745 1940 801 eritque

679 817 709 858 S
842 816 1002 922 -11-3)
1027 811 1633 871 3L(p2q2÷P2Q⁹)—
1664 816 1942 882 ξίνΒΡΡἾΞΧ

1235 887 1262 922 2
1284 883 1311 923 b
1330 881 1347 904 ³
1708 886 1734 923 2
1749 897 1775 923 a
1787 881 1803 906 ³
1853 872 1865 891 '

1125 952 1196 995 ΡΞ
1213 953 1285 1002 Q2
1341 990 1475 1022 -nt
1499 993 1543 1020 m
1569 993 1720 1037 ÷n=
1750 955 1837 1046 ξε
1863 954 1940 1032 ἐς

1171 1018 1237 1074 p²
1475 1079 1482 1087 .
1753 1038 1779 1063 a
1858 1023 1917 1064 b⁰

237 1135 291 1163 ex
311 1135 391 1176 qua
411 1133 507 1160 cum
527 1118 624 1160 data
643 1118 695 1160 sit
712 1118 774 1159 vis
794 1133 820 1159 a
850 1118 947 1160 Sole
967 1125 1057 1160 orta
1076 1093 1149 1196 a-sz’
1178 1117 1397 1159 deducitur
1415 1118 1476 1160 vis
1496 1134 1521 1160 a
1541 1118 1663 1161 Luna
1682 1119 1858 1161 oriunda
1874 1093 1944 1184 ἐξ

237 997 319 1038 qua
339 981 500 1023 elicitur
519 980 598 1021 ista
624 979 840 1035 proportio
860 993 903 1019 m
926 963 1099 1057 ((194.

238 1233 387 1275 saltem
419 1230 625 1287 proxime.
699 1231 968 1272 Instituamus
999 1229 1201 1272 calculum
1234 1244 1313 1284 pro
1346 1230 1698 1274 observationibus
1731 1233 1776 1273 in
1813 1232 1945 1274 Portu

240 1303 401 1346 Gratiae
423 1302 590 1358 (Havre
610 1301 663 1343 de
686 1301 841 1353 Grace)
863 1300 991 1351 factis,
1017 1315 1070 1342 ex
1091 1300 1240 1356 quibus
1260 1299 1478 1356 diligenter
1498 1301 1605 1342 inter
1628 1317 1671 1343 se
1692 1302 1848 1344 collatis
1866 1317 1945 1358 pro

239 1375 402 1417 ratione
432 1389 475 1414 m
512 1385 523 1416 :
561 1388 590 1414 n
619 1373 759 1428 prodit
787 1373 864 1414 ista
897 1375 947 1416 17
976 1383 987 1414 2
1021 1377 1086 1412 11.
1149 1369 1256 1412 Cum
1285 1369 1411 1426 igitur
1429 1370 1551 1426 hujus
1570 1371 1651 1413 loci
1671 1372 1842 1414 elevatio
1860 1372 1947 1428 poli

240 1447 294 1488 sit
322 1445 484 1487 eiiciter
504 1443 589 1486 50⁰.
611 1444 689 1485 erit
719 1443 820 1484 P=
842 1442 919 1484 sin.
942 1440 1026 1484 50⁰.
1050 1449 1092 1483 et
1112 1440 1219 1490 Q=
1241 1439 1316 1481 sin.
1339 1439 1424 1482 23⁰.
1446 1442 1555 1483 292·
1543 1471 1555 1491 ,
1585 1441 1765 1498 hincque
1793 1457 1821 1498 q
1842 1457 1871 1498 q
1896 1449 1940 1493 -ι-

242 1519 280 1560 P
299 1516 315 1541 2
337 1518 380 1566 Q
400 1515 415 1539 2
436 1564 482 1581 =
507 1548 543 1592 1,
548 1548 685 1584 0668:
723 1556 776 1583 ex
797 1556 879 1598 quo
898 1540 1127 1625 prodibita
1099 1516 1192 1605 -S-:
1214 1513 1350 1577 -IL—
1304 1561 1350 1579 =
1371 1544 1526 1591 7‚1356
1563 1552 1575 1584 ε
1615 1546 1696 1592 283
1726 1541 1783 1583 ita
1812 1549 1859 1584 ut
1885 1542 1947 1584 vis

287 1599 316 1640 p
336 1599 365 1639 p
1213 1582 1242 1623 b
1269 1581 1287 1605 ³

240 1681 376 1723 Lunae
398 1657 472 1765 ᾗ
491 1684 543 1726 sit
561 1682 647 1726 fere
668 1683 901 1740 quadrupla
919 1683 980 1724 vis
1004 1682 1110 1725 Solis
1101 1598 1204 1765 a}
1227 1688 1274 1723 ut
1286 1682 1375 1737 jam
1394 1681 1622 1726 Newtonus
1637 1695 1690 1725 ex
1704 1683 1791 1726 aliis
1806 1685 1947 1726 obser·
2013 1744 2017 1747 Ι

241 1794 472 1836 vationibus
494 1796 722 1838 conclusit:
745 1803 868 1852 atque
887 1794 998 1837 hanc
1017 1795 1072 1837 ob
1087 1809 1176 1836 rem
1195 1794 1324 1851 ipsius
1340 1794 1722 1839 determinationem
1737 1796 1797 1838 vis
1814 1797 1949 1838 Lunae

242 1864 444 1906 absolutae
465 1865 504 1907 L
524 1866 781 1907 retinuimus.
830 1895 833 1897 -

299 1941 330 1991 §.
354 1943 420 1979 56.
456 1938 502 1979 Si
521 1938 627 1988 haec,
651 1953 746 1994 quae
774 1937 827 1979 de
856 1937 1160 1979 combinatione
1179 1937 1329 1978 virium
1351 1937 1517 1980 Lunam
1539 1938 1760 1995 Solemque
1781 1939 1950 1994 respici-

243 2007 405 2048 entibus
436 2016 532 2049 sunt
561 2008 697 2058 allata,
729 2006 922 2049 attentius
952 2007 1278 2058 considerentur,
1308 2022 1409 2048 mox
1427 2008 1585 2064 patebit
1603 2010 1806 2051 maximos
1825 2017 1950 2052 aestus

242 2086 476 2120 menstruos
496 2079 541 2119 in
559 2079 770 2128 novilunia
799 2094 848 2120 ac
876 2079 1102 2134 plenilunia
1128 2078 1310 2119 incidere
1330 2078 1508 2129 debere3
1537 2079 1602 2120 his
1624 2080 1735 2121 enim
1755 2076 1951 2136 tempori-

243 2150 320 2191 bus
343 2158 427 2192 tam
447 2151 620 2193 elevatio
641 2165 759 2207 aquae
780 2150 904 2207 quam
924 2150 1134 2206 depressio
1154 2165 1179 2191 a
1199 2150 1322 2191 Luna
1342 2149 1518 2191 oriunda
1536 2165 1561 2190 a
1581 2150 1622 2191 vi
1644 2151 1751 2192 Solis
1770 2152 1950 2194 maxime

244 2222 474 2277 adjuvatur,
498 2221 593 2264 cum
612 2223 759 2265 eodem
779 2231 979 2278 tempore,
1011 2237 1094 2279 quo
1122 2222 1244 2264 Luna
1266 2237 1416 2279 aquam
1434 2222 1614 2264 maxime
1640 2224 1706 2265 vel
1733 2224 1866 2267 elevat
1884 2225 1951 2267 vel

245 2293 452 2348 deprimit,
476 2295 600 2336 simul
629 2310 794 2351 quoque
816 2296 924 2338 Solis
943 2296 1004 2337 vis
1026 2311 1176 2354 aquam
1195 2295 1375 2337 maxime
1403 2296 1468 2338 vel
1497 2297 1628 2338 elevat
1645 2296 1712 2338 vel
1732 2297 1948 2352 deprimat.

246 2364 299 2405 In
328 2364 588 2420 quadraturis
618 2373 756 2407 autem
784 2365 852 2407 hae
882 2366 976 2409 duae
1006 2367 1112 2407 vires
1141 2365 1226 2408 fere
1254 2365 1457 2421 perpetuo
1486 2367 1743 2418 dissentiunt,
1773 2383 1823 2409 ac
1849 2368 1950 2410 dum

247 2433 369 2475 Luna
397 2449 546 2490 aquam
574 2435 754 2478 maxime
782 2436 849 2478 vel
878 2436 1008 2478 elevat
1035 2436 1101 2478 vel
1130 2436 1335 2491 deprimit,
1368 2437 1513 2478 eodem
1541 2448 1727 2493 tempore
1741 2438 1831 2481 «Sol
1851 2453 1951 2481 con-

245 2508 417 2549 trarium
447 2510 579 2551 exerit
607 2509 812 2561 effectum,
845 2525 1075 2566 aquamque
1103 2509 1283 2552 maxime
1312 2510 1378 2551 vel
1406 2510 1601 2565 deprimit
1620 2512 1685 2553 vel
1721 2511 1866 2562 elevat,
1897 2526 1951 2554 ex

248 2593 331 2634 quo
350 2579 565 2621 minimum
585 2579 808 2621 discrimen
826 2580 934 2621 inter
953 2574 1158 2636 quemque
1176 2580 1335 2621 fluxum
1350 2595 1398 2621 ac
1413 2580 1730 2635 subsequentem
1745 2582 1951 2623 refluxum

245 2652 543 2703 observabitur,
578 2661 783 2710 aestusque
818 2662 939 2696 erunt
971 2653 1145 2695 minimi.
1221 2653 1504 2703 Quamobrem
1539 2654 1648 2716 circa
1680 2654 1780 2697 alias
1813 2655 1950 2698 Lunae

244 2723 394 2777 phases
425 2731 549 2766 aestus
578 2725 703 2766 maris
729 2725 915 2767 medium
936 2733 1073 2767 teneat
1092 2725 1200 2766 inter
1218 2724 1445 2766 maximum
1464 2725 1764 2783 minimumque
1782 2741 1950 2771 necesse

219 2850 232 2856 s
246 2803 320 2845 est,
353 2796 449 2851 quia
477 2804 567 2838 tum
594 2797 702 2839 vires
726 2798 833 2839 Solis
854 2812 901 2839 ac
923 2798 1057 2840 Lunae
1076 2812 1154 2839 nec
1173 2795 1341 2838 omnino
1362 2799 1612 2852 conspirant,
1643 2813 1721 2841 nec
1740 2800 1818 2841 sibi
1845 2801 1949 2842 invi-

245 2879 335 2906 cem
354 2867 635 2910 adversantur.
697 2869 780 2911 Per
799 2877 932 2911 totum
952 2877 1089 2911 autem
1109 2883 1263 2910 annum
1283 2869 1431 2925 quibus
1451 2870 1672 2912 noviluniis
1690 2871 1947 2926 pleniluniis·

245 2951 325 2992 que
345 2940 549 2981 maximus
571 2941 731 2982 eveniat
750 2950 887 2993 aestus,
910 2942 1140 2998 quibusque
1155 2941 1414 2997 quadraturis
1430 2943 1623 2985 minimus
1638 2951 1761 2986 aestus
1777 2959 1948 3002 respon*-

245 3005 353 3057 deat,
384 3007 569 3051 absolute
599 3010 686 3052 sine
714 3019 903 3067 respectu
935 3011 988 3052 ad
1017 3012 1141 3053 situm
1170 3011 1251 3053 loci
1279 3011 1422 3054 habito
1449 3012 1613 3055 definiri
1640 3014 1795 3070 nequit.
1857 3015 1947 3058 Sub
