2092 3470
265 224 394 266 xxviii
902 215 1343 263 INTRODUCTIO
1747 216 1877 269 [CAP.
1900 217 1960 260 ΙΙ.

263 338 440 396 angulus
462 337 498 379 P
518 337 560 380 A
581 337 635 389 T,
656 336 797 395 anguli
819 336 857 378 C
877 337 919 378 A
941 336 977 378 P
996 333 1343 389 complementum
1362 330 1415 372 ad
1434 331 1539 372 duos
1559 338 1706 382 rectos,
1729 331 1959 400 eodemque

261 411 387 452 modo
405 425 481 466 per
499 410 825 453 observationem
844 409 887 450 in
907 409 999 450 loco
1015 407 1053 449 Β
1072 406 1221 448 factam
1241 403 1448 446 invenitur
1467 403 1642 461 angulus
1660 404 1696 446 P
1715 404 1752 446 B
1769 404 1823 446 T.
1874 404 1958 447 Sed

261 481 359 523 dato
388 495 486 522 arcu
514 481 556 523 A
576 481 620 523 D
643 481 694 532 B,
725 481 846 522 datur
874 478 1050 536 angulus
1070 478 1111 519 A
1132 476 1174 518 T
1195 475 1233 517 B
1253 483 1294 516 et

262 552 361 594 hinc
393 552 436 593 in
469 552 677 610 triangulo
711 551 881 594 isoscele
912 551 954 592 A
989 549 1030 591 T
1063 548 1115 599 Β,
1146 547 1298 589 dantur

262 623 402 680 anguli
429 623 608 680 aequales
639 623 680 666 T
711 624 752 666 A
781 624 818 665 B
842 630 884 664 et
904 622 946 664 T
967 621 1005 663 B
1040 621 1094 662 A.
1156 617 1301 668 Quare

263 693 413 735 dantur
447 694 570 735 etiam
604 694 647 734 in
680 692 888 750 triangulo
921 692 962 733 A
994 691 1031 732 B
1069 690 1118 740 P,
1154 687 1296 745 anguli

262 765 497 814 PAB‚et
528 765 564 807 P
594 765 817 821 BAquos
846 764 975 806 latera
1006 763 1173 805 PAet
1204 759 1298 801 PB

259 834 441 876 efficiunt
469 849 565 877 cum
595 834 751 877 chordfi
774 835 815 876 A
837 834 888 875 Β.
947 831 1064 890 Ergo
1093 830 1299 888 triangula

259 906 344 948 duo
385 907 426 948 A
456 907 495 949 B
523 907 564 948 T
603 914 644 948 et
683 907 724 948 A
756 906 794 948 B
827 906 864 948 P
895 905 1047 947 dantur
1081 903 1217 959 specie
1250 917 1298 943 ac

245 977 433 1033 proinde
467 978 589 1020 datur
620 978 727 1019 ratio
760 977 797 1019 P
826 977 864 1019 B
899 976 953 1018 ad
983 976 1022 1018 B
1052 976 1106 1026 T,
1135 983 1176 1017 et
1199 975 1296 1031 quia

258 1049 364 1092 datis
384 1049 544 1107 angulis
566 1050 607 1092 A
630 1049 668 1092 B
689 1049 731 1091 T
750 1057 791 1090 et
811 1049 851 1091 A
868 1048 905 1090 Β
923 1048 959 1090 P
979 1047 1102 1090 datur
1121 1046 1296 1104 angulus

261 1119 298 1161 P
321 1120 359 1162 B
379 1120 433 1171 T,
466 1117 588 1162 duetfi
608 1118 722 1161 rectfi
745 1119 781 1160 P
802 1118 855 1169 T,
878 1118 1086 1160 dabuntur
1105 1117 1149 1158 in
1169 1117 1294 1158 trian-

255 1190 355 1248 gulo
378 1191 414 1233 P
430 1191 471 1233 T
487 1191 538 1242 Β,
556 1191 731 1249 angulus
751 1190 793 1232 T
811 1190 847 1231 B
865 1190 915 1240 P,
936 1196 978 1231 et
996 1189 1101 1230 ratio
1120 1188 1296 1230 laterum

256 1261 299 1303 T
313 1262 350 1304 B
370 1270 411 1304 et
432 1262 469 1304 Β
485 1263 534 1313 Ρ,
551 1262 674 1319 atque
689 1261 783 1304 ideo
798 1260 1050 1319 triangulum
1064 1260 1145 1302 hoc
1160 1260 1295 1315 specie

254 1333 432 1375 dabitur.
474 1334 710 1376 Innotescet
724 1333 849 1390 igitur
861 1340 950 1374 tum
966 1331 1140 1389 angulus
1154 1330 1291 1386 paral-

252 1403 422 1446 lacticus
443 1405 480 1447 B
503 1406 539 1447 P
560 1405 614 1456 T,
635 1403 725 1447 tum
743 1404 937 1446 distantia
967 1404 1004 1446 P
1024 1403 1078 1455 T,
1107 1418 1179 1445 seu
1199 1403 1285 1459 eJus

252 1475 358 1516 ratio
392 1475 444 1517 ad
477 1475 635 1518 telluris
667 1483 810 1518 notam
843 1475 1204 1517 semidiametrum.
1286 1473 1384 1516 Ηέιο
1417 1473 1544 1531 igitur
1582 1473 1742 1516 ratione
1779 1473 1955 1516 inveniri

251 1555 387 1601 potest
415 1548 637 1603 parallaxis
667 1548 810 1590 sideris
841 1556 912 1590 aut
939 1547 1204 1604 phaenomeni
1232 1546 1297 1589 vel
1326 1546 1571 1603 quiescentis
1590 1546 1655 1588 vel
1675 1546 1821 1589 utlibet
1838 1547 1952 1589 moti.

253 1618 412 1660 Verum
442 1620 667 1662 astronomi
695 1621 943 1662 recentiores
971 1620 1110 1675 plures
1139 1620 1385 1661 invenerunt
1403 1618 1619 1661 methodos
1640 1618 1788 1675 quibus
1808 1619 1954 1662 unicus

251 1689 489 1732 observator
517 1691 561 1731 in
588 1691 734 1733 eodem
753 1691 847 1733 loco
866 1706 1037 1733 manens
1058 1691 1240 1733 siderum
1259 1698 1376 1733 motu
1396 1690 1546 1732 diurno
1565 1704 1614 1731 ac
1632 1690 1804 1745 proprio
1823 1690 1954 1747 agita-

251 1768 390 1802 torum
423 1763 654 1818 parallaxes
687 1771 823 1818 potest
855 1764 1141 1805 detenninare.
1201 1763 1271 1805 De
1305 1762 1384 1814 his,
1417 1763 1489 1805 ubi
1523 1778 1547 1804 e
1581 1777 1627 1804 re
1654 1763 1788 1805 visum
1815 1763 1952 1812 fuerit,

255 1832 453 1876 dicemus.
515 1834 612 1877 Vid.
638 1835 760 1877 Keill.
782 1836 826 1876 in
847 1836 1160 1878 Introductione
1179 1835 1232 1877 ad
1253 1836 1407 1877 Veram
1427 1834 1747 1876 Astronomiam.
