<?xml version="1.0" encoding="UTF-8"?>
<!DOCTYPE html PUBLIC "-//W3C//DTD XHTML 1.0 Transitional//EN"
    "http://www.w3.org/TR/xhtml1/DTD/xhtml1-transitional.dtd">
<html xmlns="http://www.w3.org/1999/xhtml" xml:lang="en" lang="en">
 <head>
  <title>
</title>
<meta http-equiv="Content-Type" content="text/html;charset=utf-8" />
  <meta name='ocr-system' content='tesseract 3.04.00' />
  <meta name='ocr-capabilities' content='ocr_page ocr_carea ocr_par ocr_line ocrx_word'/>
</head>
<body>
  <div class='ocr_page' id='page_1' title='image "./philosophiaenatu03newtuoft_0097.png"; bbox 0 0 2092 3470; ppageno 0'>
   <div class='ocr_carea' id='block_1_1' title="bbox 14 3209 27 3301">
    <p class='ocr_par' dir='ltr' id='par_1_1' title="bbox 14 3209 27 3301">
     <span class='ocr_line' id='line_1_1' title="bbox 14 3209 27 3301; textangle 90"><span class='ocrx_word' id='word_1_1' title='bbox 14 3252 27 3301; x_wconf 25' lang='lat'><strong>2:⁴2-</strong></span> <span class='ocrx_word' id='word_1_2' title='bbox 16 3209 24 3223; x_wconf 66' lang='lat' dir='ltr'>v</span> 
     </span>
    </p>
   </div>
   <div class='ocr_carea' id='block_1_2' title="bbox 130 244 1827 300">
    <p class='ocr_par' dir='ltr' id='par_1_2' title="bbox 130 244 1827 300">
     <span class='ocr_line' id='line_1_2' title="bbox 130 244 1827 300; baseline -0.002 -8"><span class='ocrx_word' id='word_1_3' title='bbox 130 250 277 292; x_wconf 76' lang='lat' dir='ltr'><strong>Lmnn</strong></span> <span class='ocrx_word' id='word_1_4' title='bbox 293 249 534 300; x_wconf 62' lang='lat' dir='ltr'><strong>Tannus]</strong></span> <span class='ocrx_word' id='word_1_5' title='bbox 574 245 896 289; x_wconf 87' lang='lat' dir='ltr'><strong>PRINCIPIA</strong></span> <span class='ocrx_word' id='word_1_6' title='bbox 934 244 1426 289; x_wconf 88' lang='lat' dir='ltr'><strong>MATHEMATICA.</strong></span> <span class='ocrx_word' id='word_1_7' title='bbox 1773 254 1827 289; x_wconf 80' lang='lat'><strong>49</strong></span> 
     </span>
    </p>
   </div>
   <div class='ocr_carea' id='block_1_3' title="bbox 127 360 1824 494">
    <p class='ocr_par' dir='ltr' id='par_1_3' title="bbox 127 360 1824 494">
     <span class='ocr_line' id='line_1_3' title="bbox 127 360 1824 420; baseline -0.001 -14"><span class='ocrx_word' id='word_1_8' title='bbox 127 365 278 406; x_wconf 86' lang='lat' dir='ltr'><strong>horum</strong></span> <span class='ocrx_word' id='word_1_9' title='bbox 306 363 468 420; x_wconf 85' lang='lat' dir='ltr'><strong>aphelia</strong></span> <span class='ocrx_word' id='word_1_10' title='bbox 491 369 710 404; x_wconf 85' lang='lat' dir='ltr'><strong>moventur</strong></span> <span class='ocrx_word' id='word_1_11' title='bbox 727 360 1030 418; x_wconf 86' lang='lat' dir='ltr'><strong>aliquantulum</strong></span> <span class='ocrx_word' id='word_1_12' title='bbox 1048 360 1093 401; x_wconf 91' lang='lat' dir='ltr'><strong>in</strong></span> <span class='ocrx_word' id='word_1_13' title='bbox 1112 362 1406 417; x_wconf 85' lang='lat' dir='ltr'><strong>consequentia</strong></span> <span class='ocrx_word' id='word_1_14' title='bbox 1425 372 1614 417; x_wconf 87' lang='lat' dir='ltr'><strong>respectu</strong></span> <span class='ocrx_word' id='word_1_15' title='bbox 1634 364 1824 412; x_wconf 82' lang='lat' dir='ltr'><strong>fixarum,</strong></span> 
     </span>
     <span class='ocr_line' id='line_1_4' title="bbox 127 432 1824 494; baseline -0.002 -14"><span class='ocrx_word' id='word_1_16' title='bbox 127 438 252 494; x_wconf 89' lang='lat' dir='ltr'><strong>idque</strong></span> <span class='ocrx_word' id='word_1_17' title='bbox 271 438 315 478; x_wconf 90' lang='lat' dir='ltr'><strong>in</strong></span> <span class='ocrx_word' id='word_1_18' title='bbox 333 435 602 492; x_wconf 79' lang='lat' dir='ltr'>proportione</span> <span class='ocrx_word' id='word_1_19' title='bbox 621 433 907 491; x_wconf 67' lang='lat' dir='ltr'><strong>sesquiplicata</strong></span> <span class='ocrx_word' id='word_1_20' title='bbox 923 433 1210 475; x_wconf 83' lang='lat' dir='ltr'><strong>distantiarum</strong></span> <span class='ocrx_word' id='word_1_21' title='bbox 1228 432 1380 475; x_wconf 86' lang='lat' dir='ltr'><strong>horum</strong></span> <span class='ocrx_word' id='word_1_22' title='bbox 1401 433 1659 488; x_wconf 82' lang='lat' dir='ltr'><strong>planetarum</strong></span> <span class='ocrx_word' id='word_1_23' title='bbox 1674 452 1699 477; x_wconf 88' lang='lat' dir='ltr'><strong>a</strong></span> <span class='ocrx_word' id='word_1_24' title='bbox 1716 436 1824 478; x_wconf 88' lang='lat' dir='ltr'><strong>Sole.</strong></span> 
     </span>
    </p>
   </div>
   <div class='ocr_carea' id='block_1_4' title="bbox 118 555 954 3098">
    <p class='ocr_par' dir='ltr' id='par_1_4' title="bbox 118 555 954 2548">
     <span class='ocr_line' id='line_1_5' title="bbox 129 555 952 599; baseline -0.007 -8"><span class='ocrx_word' id='word_1_25' title='bbox 129 560 279 596; x_wconf 84' lang='lat' dir='ltr'><strong>Quamvis</strong></span> <span class='ocrx_word' id='word_1_26' title='bbox 288 565 391 590; x_wconf 86' lang='lat' dir='ltr'><strong>autem</strong></span> <span class='ocrx_word' id='word_1_27' title='bbox 402 569 439 590; x_wconf 87' lang='lat' dir='ltr'><strong>ex</strong></span> <span class='ocrx_word' id='word_1_28' title='bbox 450 558 517 598; x_wconf 68' lang='lat' dir='ltr'><strong>ipsa</strong></span> <span class='ocrx_word' id='word_1_29' title='bbox 528 556 684 599; x_wconf 84' lang='lat' dir='ltr'><strong>gravitatis</strong></span> <span class='ocrx_word' id='word_1_30' title='bbox 697 555 816 587; x_wconf 68' lang='lat' dir='ltr'><strong>theoria</strong></span> <span class='ocrx_word' id='word_1_31' title='bbox 826 555 952 597; x_wconf 80' lang='lat' dir='ltr'><strong>colliga-</strong></span> 
     </span>
     <span class='ocr_line' id='line_1_6' title="bbox 124 599 952 641; baseline -0.005 -9"><span class='ocrx_word' id='word_1_32' title='bbox 124 608 176 632; x_wconf 89' lang='lat' dir='ltr'><strong>tur</strong></span> <span class='ocrx_word' id='word_1_33' title='bbox 195 602 388 641; x_wconf 86' lang='lat' dir='ltr'><strong>planetarum</strong></span> <span class='ocrx_word' id='word_1_34' title='bbox 402 601 582 632; x_wconf 87' lang='lat' dir='ltr'><strong>inferiorum</strong></span> <span class='ocrx_word' id='word_1_35' title='bbox 597 599 717 639; x_wconf 83' lang='lat' dir='ltr'><strong>aphelia</strong></span> <span class='ocrx_word' id='word_1_36' title='bbox 731 609 816 629; x_wconf 88' lang='lat' dir='ltr'><strong>nunc</strong></span> <span class='ocrx_word' id='word_1_37' title='bbox 829 608 952 637; x_wconf 89' lang='lat' dir='ltr'><strong>promo-</strong></span> 
     </span>
     <span class='ocr_line' id='line_1_7' title="bbox 123 641 953 681; baseline -0.005 -7"><span class='ocrx_word' id='word_1_38' title='bbox 123 644 196 681; x_wconf 76' lang='lat' dir='ltr'><strong>veri,</strong></span> <span class='ocrx_word' id='word_1_39' title='bbox 222 654 306 675; x_wconf 90' lang='lat' dir='ltr'><strong>nunc</strong></span> <span class='ocrx_word' id='word_1_40' title='bbox 334 644 454 681; x_wconf 88' lang='lat' dir='ltr'><strong>retrahi,</strong></span> <span class='ocrx_word' id='word_1_41' title='bbox 484 643 602 673; x_wconf 81' lang='lat' dir='ltr'><strong>medios</strong></span> <span class='ocrx_word' id='word_1_42' title='bbox 630 649 733 672; x_wconf 85' lang='lat' dir='ltr'><strong>tamen</strong></span> <span class='ocrx_word' id='word_1_43' title='bbox 761 641 953 680; x_wconf 86' lang='lat' dir='ltr'><strong>apheliorum</strong></span> 
     </span>
     <span class='ocr_line' id='line_1_8' title="bbox 123 684 954 727; baseline -0.001 -12"><span class='ocrx_word' id='word_1_44' title='bbox 123 693 226 716; x_wconf 89' lang='lat' dir='ltr'><strong>motus</strong></span> <span class='ocrx_word' id='word_1_45' title='bbox 247 687 374 717; x_wconf 79' lang='lat' dir='ltr'>notabili</span> <span class='ocrx_word' id='word_1_46' title='bbox 397 686 500 727; x_wconf 86' lang='lat' dir='ltr'><strong>aliquo</strong></span> <span class='ocrx_word' id='word_1_47' title='bbox 521 692 659 723; x_wconf 86' lang='lat' dir='ltr'><strong>tempore</strong></span> <span class='ocrx_word' id='word_1_48' title='bbox 679 684 713 713; x_wconf 92' lang='lat' dir='ltr'><strong>in</strong></span> <span class='ocrx_word' id='word_1_49' title='bbox 735 684 954 724; x_wconf 83' lang='lat' dir='ltr'>consequentia</span> 
     </span>
     <span class='ocr_line' id='line_1_9' title="bbox 123 725 953 769; baseline -0.005 -10"><span class='ocrx_word' id='word_1_50' title='bbox 123 727 199 764; x_wconf 83' lang='lat' dir='ltr'><strong>fieri,</strong></span> <span class='ocrx_word' id='word_1_51' title='bbox 224 735 306 769; x_wconf 82' lang='lat' dir='ltr'><strong>patet</strong></span> <span class='ocrx_word' id='word_1_52' title='bbox 328 729 488 759; x_wconf 81' lang='lat' dir='ltr'><strong>ratiocinio</strong></span> <span class='ocrx_word' id='word_1_53' title='bbox 511 727 604 759; x_wconf 79' lang='lat' dir='ltr'><strong>simili</strong></span> <span class='ocrx_word' id='word_1_54' title='bbox 625 726 673 756; x_wconf 88' lang='lat' dir='ltr'><strong>illi</strong></span> <span class='ocrx_word' id='word_1_55' title='bbox 697 727 781 766; x_wconf 88' lang='lat' dir='ltr'><strong>quod</strong></span> <span class='ocrx_word' id='word_1_56' title='bbox 799 725 838 756; x_wconf 87' lang='lat' dir='ltr'><strong>de</strong></span> <span class='ocrx_word' id='word_1_57' title='bbox 858 725 953 756; x_wconf 68' lang='lat' dir='ltr'><strong>Luna</strong></span> 
     </span>
     <span class='ocr_line' id='line_1_10' title="bbox 122 767 953 813; baseline -0.004 -13"><span class='ocrx_word' id='word_1_58' title='bbox 122 770 239 801; x_wconf 81' lang='lat' dir='ltr'><strong>factum</strong></span> <span class='ocrx_word' id='word_1_59' title='bbox 248 772 336 802; x_wconf 88' lang='lat' dir='ltr'><strong>estin</strong></span> <span class='ocrx_word' id='word_1_60' title='bbox 346 770 419 802; x_wconf 70' lang='lat' dir='ltr'><strong>nota</strong></span> <span class='ocrx_word' id='word_1_61' title='bbox 426 771 471 813; x_wconf 50' lang='grc' dir='ltr'><strong>(θ)</strong></span> <span class='ocrx_word' id='word_1_62' title='bbox 479 781 548 811; x_wconf 80' lang='lat' dir='ltr'><strong>pag.</strong></span> <span class='ocrx_word' id='word_1_63' title='bbox 561 773 610 800; x_wconf 85' lang='lat'><strong>18.</strong></span> <span class='ocrx_word' id='word_1_64' title='bbox 621 769 760 810; x_wconf 77' lang='lat' dir='ltr'><strong>hujusce,</strong></span> <span class='ocrx_word' id='word_1_65' title='bbox 769 767 854 798; x_wconf 87' lang='lat' dir='ltr'><strong>unde</strong></span> <span class='ocrx_word' id='word_1_66' title='bbox 861 768 953 798; x_wconf 86' lang='lat' dir='ltr'><strong>facile</strong></span> 
     </span>
     <span class='ocr_line' id='line_1_11' title="bbox 121 811 951 844; baseline -0.005 0"><span class='ocrx_word' id='word_1_67' title='bbox 121 814 272 844; x_wconf 83' lang='lat' dir='ltr'><strong>constabit</strong></span> <span class='ocrx_word' id='word_1_68' title='bbox 299 813 404 844; x_wconf 74' lang='lat' dir='ltr'><strong>revera</strong></span> <span class='ocrx_word' id='word_1_69' title='bbox 431 813 570 844; x_wconf 89' lang='lat' dir='ltr'><strong>medium</strong></span> <span class='ocrx_word' id='word_1_70' title='bbox 602 819 724 842; x_wconf 89' lang='lat' dir='ltr'><strong>motum</strong></span> <span class='ocrx_word' id='word_1_71' title='bbox 751 811 951 841; x_wconf 73' lang='lat' dir='ltr'><strong>resultantem</strong></span> 
     </span>
     <span class='ocr_line' id='line_1_12' title="bbox 121 852 951 895; baseline -0.004 -9"><span class='ocrx_word' id='word_1_72' title='bbox 121 861 191 895; x_wconf 83' lang='lat' dir='ltr'><strong>post</strong></span> <span class='ocrx_word' id='word_1_73' title='bbox 203 862 329 887; x_wconf 91' lang='lat' dir='ltr'><strong>centum</strong></span> <span class='ocrx_word' id='word_1_74' title='bbox 343 866 441 887; x_wconf 85' lang='lat' dir='ltr'><strong>annos</strong></span> <span class='ocrx_word' id='word_1_75' title='bbox 454 866 519 886; x_wconf 65' lang='lat' dir='ltr'><strong>esse</strong></span> <span class='ocrx_word' id='word_1_76' title='bbox 532 861 570 886; x_wconf 90' lang='lat' dir='ltr'><strong>ut</strong></span> <span class='ocrx_word' id='word_1_77' title='bbox 586 854 652 893; x_wconf 88' lang='lat' dir='ltr'><strong>ipsa</strong></span> <span class='ocrx_word' id='word_1_78' title='bbox 667 861 806 893; x_wconf 83' lang='lat' dir='ltr'><strong>tempora</strong></span> <span class='ocrx_word' id='word_1_79' title='bbox 819 852 951 892; x_wconf 90' lang='lat' dir='ltr'><strong>periodi·</strong></span> 
     </span>
     <span class='ocr_line' id='line_1_13' title="bbox 121 895 951 939; baseline -0.005 -11"><span class='ocrx_word' id='word_1_80' title='bbox 121 908 166 935; x_wconf 86' lang='lat' dir='ltr'><strong>ca,</strong></span> <span class='ocrx_word' id='word_1_81' title='bbox 182 898 312 939; x_wconf 77' lang='lat' dir='ltr'><strong>ideoque</strong></span> <span class='ocrx_word' id='word_1_82' title='bbox 327 899 361 928; x_wconf 89' lang='lat' dir='ltr'><strong>in</strong></span> <span class='ocrx_word' id='word_1_83' title='bbox 374 899 492 930; x_wconf 88' lang='lat' dir='ltr'><strong>ratione</strong></span> <span class='ocrx_word' id='word_1_84' title='bbox 505 895 719 938; x_wconf 60' lang='lat' dir='ltr'><strong>sesquiplicata</strong></span> <span class='ocrx_word' id='word_1_85' title='bbox 737 895 951 926; x_wconf 77' lang='lat' dir='ltr'><strong>distantiarum</strong></span> 
     </span>
     <span class='ocr_line' id='line_1_14' title="bbox 121 938 947 981; baseline -0.004 -11"><span class='ocrx_word' id='word_1_86' title='bbox 121 951 140 970; x_wconf 89' lang='lat' dir='ltr'><strong>a</strong></span> <span class='ocrx_word' id='word_1_87' title='bbox 157 940 237 978; x_wconf 82' lang='lat' dir='ltr'><strong>Sole,</strong></span> <span class='ocrx_word' id='word_1_88' title='bbox 260 940 432 971; x_wconf 77' lang='lat' dir='ltr'><strong>secundum</strong></span> <span class='ocrx_word' id='word_1_89' title='bbox 446 951 484 971; x_wconf 89' lang='lat' dir='ltr'><strong>ea</strong></span> <span class='ocrx_word' id='word_1_90' title='bbox 497 950 568 981; x_wconf 84' lang='lat' dir='ltr'><strong>quae</strong></span> <span class='ocrx_word' id='word_1_91' title='bbox 586 940 733 970; x_wconf 86' lang='lat' dir='ltr'><strong>dicuntur</strong></span> <span class='ocrx_word' id='word_1_92' title='bbox 753 938 787 967; x_wconf 90' lang='lat' dir='ltr'><strong>in</strong></span> <span class='ocrx_word' id='word_1_93' title='bbox 804 938 876 968; x_wconf 89' lang='lat' dir='ltr'><strong>Cor.</strong></span> <span class='ocrx_word' id='word_1_94' title='bbox 900 941 947 968; x_wconf 87' lang='lat'><strong>16.</strong></span> 
     </span>
     <span class='ocr_line' id='line_1_15' title="bbox 125 980 949 1022; baseline -0.004 -10"><span class='ocrx_word' id='word_1_95' title='bbox 125 982 217 1022; x_wconf 91' lang='lat' dir='ltr'><strong>Prop.</strong></span> <span class='ocrx_word' id='word_1_96' title='bbox 237 983 367 1014; x_wconf 88' lang='lat' dir='ltr'>LXVI.</span> <span class='ocrx_word' id='word_1_97' title='bbox 388 984 460 1014; x_wconf 85' lang='lat' dir='ltr'><strong>Lib.</strong></span> <span class='ocrx_word' id='word_1_98' title='bbox 479 983 522 1017; x_wconf 79' lang='lat'><strong>1..</strong></span> <span class='ocrx_word' id='word_1_99' title='bbox 536 982 592 1012; x_wconf 75' lang='grc' dir='ltr'><strong>διο.</strong></span> <span class='ocrx_word' id='word_1_100' title='bbox 642 981 694 1011; x_wconf 92' lang='lat' dir='ltr'><strong>De</strong></span> <span class='ocrx_word' id='word_1_101' title='bbox 708 980 850 1019; x_wconf 80' lang='lat' dir='ltr'><strong>praesenti</strong></span> <span class='ocrx_word' id='word_1_102' title='bbox 862 980 949 1010; x_wconf 88' lang='lat' dir='ltr'><strong>scho-</strong></span> 
     </span>
     <span class='ocr_line' id='line_1_16' title="bbox 121 1022 950 1064; baseline -0.001 -10"><span class='ocrx_word' id='word_1_103' title='bbox 121 1024 165 1054; x_wconf 86' lang='lat' dir='ltr'><strong>lio</strong></span> <span class='ocrx_word' id='word_1_104' title='bbox 178 1026 245 1055; x_wconf 84' lang='lat' dir='ltr'><strong>haec</strong></span> <span class='ocrx_word' id='word_1_105' title='bbox 258 1025 340 1056; x_wconf 81' lang='lat' dir='ltr'><strong>dicta</strong></span> <span class='ocrx_word' id='word_1_106' title='bbox 354 1026 424 1056; x_wconf 83' lang='lat' dir='ltr'><strong>sint.</strong></span> <span class='ocrx_word' id='word_1_107' title='bbox 458 1024 519 1056; x_wconf 89' lang='lat' dir='ltr'><strong>Sed</strong></span> <span class='ocrx_word' id='word_1_108' title='bbox 533 1022 793 1064; x_wconf 77' lang='lat' dir='ltr'><strong>praetennittenda</strong></span> <span class='ocrx_word' id='word_1_109' title='bbox 802 1031 866 1052; x_wconf 89' lang='lat' dir='ltr'><strong>non</strong></span> <span class='ocrx_word' id='word_1_110' title='bbox 877 1028 950 1052; x_wconf 86' lang='lat' dir='ltr'><strong>sunt</strong></span> 
     </span>
     <span class='ocr_line' id='line_1_17' title="bbox 121 1065 950 1106; baseline -0.004 -9"><span class='ocrx_word' id='word_1_111' title='bbox 121 1069 211 1098; x_wconf 84' lang='lat' dir='ltr'><strong>verba</strong></span> <span class='ocrx_word' id='word_1_112' title='bbox 231 1068 399 1099; x_wconf 77' lang='lat' dir='ltr'><strong>doctissimi</strong></span> <span class='ocrx_word' id='word_1_113' title='bbox 427 1067 484 1097; x_wconf 85' lang='lat' dir='ltr'><strong>viri</strong></span> <span class='ocrx_word' id='word_1_114' title='bbox 505 1066 637 1098; x_wconf 85' lang='lat' dir='ltr'><strong>Joannis</strong></span> <span class='ocrx_word' id='word_1_115' title='bbox 664 1065 838 1096; x_wconf 88' lang='lat' dir='ltr'><strong>Bernoullii</strong></span> <span class='ocrx_word' id='word_1_116' title='bbox 858 1065 950 1106; x_wconf 87' lang='lat' dir='ltr'><strong>cujus</strong></span> 
     </span>
     <span class='ocr_line' id='line_1_18' title="bbox 119 1106 948 1141; baseline -0.002 -2"><span class='ocrx_word' id='word_1_117' title='bbox 119 1110 336 1141; x_wconf 84' lang='lat' dir='ltr'><strong>authoritatem</strong></span> <span class='ocrx_word' id='word_1_118' title='bbox 356 1109 490 1140; x_wconf 71' lang='lat' dir='ltr'><strong>maxime</strong></span> <span class='ocrx_word' id='word_1_119' title='bbox 510 1118 700 1139; x_wconf 74' lang='lat' dir='ltr'><strong>veneramur.</strong></span> <span class='ocrx_word' id='word_1_120' title='bbox 749 1108 799 1138; x_wconf 89' lang='lat' dir='ltr'><strong>sic</strong></span> <span class='ocrx_word' id='word_1_121' title='bbox 814 1106 879 1137; x_wconf 71' lang='lat' dir='ltr'><strong>fere</strong></span> <span class='ocrx_word' id='word_1_122' title='bbox 893 1108 948 1138; x_wconf 87' lang='lat' dir='ltr'><strong>ha-</strong></span> 
     </span>
     <span class='ocr_line' id='line_1_19' title="bbox 120 1150 948 1189; baseline -0.004 -7"><span class='ocrx_word' id='word_1_123' title='bbox 120 1153 171 1182; x_wconf 81' lang='lat' dir='ltr'><strong>het</strong></span> <span class='ocrx_word' id='word_1_124' title='bbox 198 1152 311 1183; x_wconf 82' lang='lat' dir='ltr'><strong>clariss.</strong></span> <span class='ocrx_word' id='word_1_125' title='bbox 343 1159 432 1183; x_wconf 90' lang='lat' dir='ltr'><strong>autor</strong></span> <span class='ocrx_word' id='word_1_126' title='bbox 463 1152 497 1182; x_wconf 92' lang='lat' dir='ltr'><strong>in</strong></span> <span class='ocrx_word' id='word_1_127' title='bbox 526 1151 749 1182; x_wconf 82' lang='lat' dir='ltr'><strong>Dissertatione</strong></span> <span class='ocrx_word' id='word_1_128' title='bbox 776 1150 815 1180; x_wconf 93' lang='lat' dir='ltr'><strong>de</strong></span> <span class='ocrx_word' id='word_1_129' title='bbox 846 1150 948 1189; x_wconf 78' lang='lat' dir='ltr'><strong>Syste-</strong></span> 
     </span>
     <span class='ocr_line' id='line_1_20' title="bbox 119 1190 948 1236; baseline -0.002 -12"><span class='ocrx_word' id='word_1_130' title='bbox 119 1199 202 1225; x_wconf 83' lang='lat' dir='ltr'><strong>mate</strong></span> <span class='ocrx_word' id='word_1_131' title='bbox 219 1195 396 1226; x_wconf 85' lang='lat' dir='ltr'><strong>Cartesiano</strong></span> <span class='ocrx_word' id='word_1_132' title='bbox 416 1205 486 1236; x_wconf 87' lang='lat' dir='ltr'><strong>quae</strong></span> <span class='ocrx_word' id='word_1_133' title='bbox 506 1203 590 1224; x_wconf 91' lang='lat' dir='ltr'><strong>anno</strong></span> <span class='ocrx_word' id='word_1_134' title='bbox 612 1193 703 1225; x_wconf 81' lang='lat'><strong>1730.</strong></span> <span class='ocrx_word' id='word_1_135' title='bbox 722 1194 761 1223; x_wconf 86' lang='lat' dir='ltr'><strong>ab</strong></span> <span class='ocrx_word' id='word_1_136' title='bbox 779 1190 948 1223; x_wconf 61' lang='lat' dir='ltr'><strong>Academia</strong></span> 
     </span>
     <span class='ocr_line' id='line_1_21' title="bbox 122 1234 945 1279; baseline -0.002 -12"><span class='ocrx_word' id='word_1_137' title='bbox 122 1235 225 1277; x_wconf 69' lang='lat' dir='ltr'><strong>Regia</strong></span> <span class='ocrx_word' id='word_1_138' title='bbox 255 1237 459 1268; x_wconf 80' lang='lat' dir='ltr'><strong>scientiarum</strong></span> <span class='ocrx_word' id='word_1_139' title='bbox 486 1236 613 1279; x_wconf 85' lang='lat' dir='ltr'><strong>praemio</strong></span> <span class='ocrx_word' id='word_1_140' title='bbox 647 1235 848 1266; x_wconf 79' lang='lat' dir='ltr'><strong>condecorata</strong></span> <span class='ocrx_word' id='word_1_141' title='bbox 875 1234 945 1272; x_wconf 82' lang='lat' dir='ltr'><strong>suit,</strong></span> 
     </span>
     <span class='ocr_line' id='line_1_22' title="bbox 122 1278 947 1320; baseline -0.005 -9"><span class='ocrx_word' id='word_1_142' title='bbox 122 1278 319 1320; x_wconf 79' lang='lat' dir='ltr'><strong>Paragrapho</strong></span> <span class='ocrx_word' id='word_1_143' title='bbox 336 1280 432 1312; x_wconf 89' lang='lat' dir='ltr'><strong>XLI.</strong></span> <span class='ocrx_word' id='word_1_144' title='bbox 473 1282 496 1300; x_wconf 78' lang='lat'><strong>⁴‘</strong></span> <span class='ocrx_word' id='word_1_145' title='bbox 510 1279 700 1320; x_wconf 83' lang='lat' dir='ltr'><strong>(Newtonus</strong></span> <span class='ocrx_word' id='word_1_146' title='bbox 713 1278 860 1316; x_wconf 88' lang='lat' dir='ltr'><strong>supponit</strong></span> <span class='ocrx_word' id='word_1_147' title='bbox 879 1287 947 1307; x_wconf 92' lang='lat' dir='ltr'><strong>mo-</strong></span> 
     </span>
     <span class='ocr_line' id='line_1_23' title="bbox 120 1320 948 1361; baseline -0.004 -9"><span class='ocrx_word' id='word_1_148' title='bbox 120 1325 142 1341; x_wconf 90' lang='lat'>“</span> <span class='ocrx_word' id='word_1_149' title='bbox 155 1327 224 1352; x_wconf 85' lang='lat' dir='ltr'><strong>tum</strong></span> <span class='ocrx_word' id='word_1_150' title='bbox 243 1322 355 1361; x_wconf 86' lang='lat' dir='ltr'><strong>aphelii</strong></span> <span class='ocrx_word' id='word_1_151' title='bbox 377 1322 489 1353; x_wconf 88' lang='lat' dir='ltr'><strong>Martis</strong></span> <span class='ocrx_word' id='word_1_152' title='bbox 509 1323 543 1351; x_wconf 90' lang='lat' dir='ltr'><strong>in</strong></span> <span class='ocrx_word' id='word_1_153' title='bbox 563 1320 780 1361; x_wconf 86' lang='lat' dir='ltr'><strong>consequentia</strong></span> <span class='ocrx_word' id='word_1_154' title='bbox 795 1330 868 1350; x_wconf 90' lang='lat' dir='ltr'><strong>eum</strong></span> <span class='ocrx_word' id='word_1_155' title='bbox 883 1330 948 1350; x_wconf 57' lang='lat' dir='ltr'><strong>ease</strong></span> 
     </span>
     <span class='ocr_line' id='line_1_24' title="bbox 119 1362 944 1403; baseline -0.005 -8"><span class='ocrx_word' id='word_1_156' title='bbox 119 1367 141 1383; x_wconf 73' lang='lat'><strong>‘⁶</strong></span> <span class='ocrx_word' id='word_1_157' title='bbox 155 1371 192 1394; x_wconf 90' lang='lat' dir='ltr'><strong>ut</strong></span> <span class='ocrx_word' id='word_1_158' title='bbox 212 1370 337 1395; x_wconf 89' lang='lat' dir='ltr'><strong>centum</strong></span> <span class='ocrx_word' id='word_1_159' title='bbox 359 1374 511 1395; x_wconf 88' lang='lat' dir='ltr'><strong>annorum</strong></span> <span class='ocrx_word' id='word_1_160' title='bbox 530 1363 628 1403; x_wconf 84' lang='lat' dir='ltr'><strong>spatio</strong></span> <span class='ocrx_word' id='word_1_161' title='bbox 643 1364 692 1394; x_wconf 85' lang='lat'><strong>83¹</strong></span> <span class='ocrx_word' id='word_1_162' title='bbox 708 1362 774 1393; x_wconf 70' lang='lat'><strong>20⁰.</strong></span> <span class='ocrx_word' id='word_1_163' title='bbox 793 1362 944 1392; x_wconf 80' lang='lat' dir='ltr'><strong>conficiat.</strong></span> 
     </span>
     <span class='ocr_line' id='line_1_25' title="bbox 120 1403 948 1448; baseline -0.004 -12"><span class='ocrx_word' id='word_1_164' title='bbox 120 1410 142 1425; x_wconf 79' lang='lat'><strong>‘⁸</strong></span> <span class='ocrx_word' id='word_1_165' title='bbox 158 1406 246 1437; x_wconf 88' lang='lat' dir='ltr'><strong>Hinc</strong></span> <span class='ocrx_word' id='word_1_166' title='bbox 274 1407 393 1448; x_wconf 85' lang='lat' dir='ltr'><strong>colligit</strong></span> <span class='ocrx_word' id='word_1_167' title='bbox 420 1417 474 1445; x_wconf 88' lang='lat' dir='ltr'><strong>per</strong></span> <span class='ocrx_word' id='word_1_168' title='bbox 502 1406 653 1437; x_wconf 86' lang='lat' dir='ltr'><strong>theoriam</strong></span> <span class='ocrx_word' id='word_1_169' title='bbox 680 1404 836 1446; x_wconf 85' lang='lat' dir='ltr'><strong>gravitatis</strong></span> <span class='ocrx_word' id='word_1_170' title='bbox 863 1403 948 1445; x_wconf 89' lang='lat' dir='ltr'><strong>quod</strong></span> 
     </span>
     <span class='ocr_line' id='line_1_26' title="bbox 121 1447 947 1488; baseline -0.002 -10"><span class='ocrx_word' id='word_1_171' title='bbox 121 1451 142 1467; x_wconf 87' lang='lat'>“</span> <span class='ocrx_word' id='word_1_172' title='bbox 155 1448 288 1479; x_wconf 87' lang='lat' dir='ltr'><strong>aliorum</strong></span> <span class='ocrx_word' id='word_1_173' title='bbox 309 1449 502 1488; x_wconf 82' lang='lat' dir='ltr'><strong>planetarum</strong></span> <span class='ocrx_word' id='word_1_174' title='bbox 525 1449 708 1480; x_wconf 84' lang='lat' dir='ltr'><strong>inferiorum</strong></span> <span class='ocrx_word' id='word_1_175' title='bbox 734 1447 856 1486; x_wconf 87' lang='lat' dir='ltr'><strong>aphelia</strong></span> <span class='ocrx_word' id='word_1_176' title='bbox 879 1457 947 1477; x_wconf 92' lang='lat' dir='ltr'><strong>mo-</strong></span> 
     </span>
     <span class='ocr_line' id='line_1_27' title="bbox 121 1489 946 1532; baseline -0.002 -10"><span class='ocrx_word' id='word_1_177' title='bbox 121 1494 142 1510; x_wconf 89' lang='lat'><strong>“</strong></span> <span class='ocrx_word' id='word_1_178' title='bbox 156 1498 265 1522; x_wconf 88' lang='lat' dir='ltr'><strong>ventur</strong></span> <span class='ocrx_word' id='word_1_179' title='bbox 285 1492 318 1521; x_wconf 92' lang='lat' dir='ltr'><strong>in</strong></span> <span class='ocrx_word' id='word_1_180' title='bbox 339 1491 556 1532; x_wconf 82' lang='lat' dir='ltr'><strong>consequentia</strong></span> <span class='ocrx_word' id='word_1_181' title='bbox 576 1496 715 1529; x_wconf 83' lang='lat' dir='ltr'><strong>respectu</strong></span> <span class='ocrx_word' id='word_1_182' title='bbox 737 1489 879 1526; x_wconf 80' lang='lat' dir='ltr'><strong>fixarum,</strong></span> <span class='ocrx_word' id='word_1_183' title='bbox 900 1489 946 1520; x_wconf 92' lang='lat' dir='ltr'><strong>id-</strong></span> 
     </span>
     <span class='ocr_line' id='line_1_28' title="bbox 121 1531 947 1574; baseline -0.002 -11"><span class='ocrx_word' id='word_1_184' title='bbox 121 1536 142 1552; x_wconf 89' lang='lat'><strong>“</strong></span> <span class='ocrx_word' id='word_1_185' title='bbox 155 1543 223 1574; x_wconf 59' lang='lat' dir='ltr'><strong>que,</strong></span> <span class='ocrx_word' id='word_1_186' title='bbox 237 1534 271 1564; x_wconf 91' lang='lat' dir='ltr'><strong>in</strong></span> <span class='ocrx_word' id='word_1_187' title='bbox 292 1535 487 1573; x_wconf 86' lang='lat' dir='ltr'><strong>proportione</strong></span> <span class='ocrx_word' id='word_1_188' title='bbox 508 1531 720 1574; x_wconf 71' lang='lat' dir='ltr'><strong>sesquiplicata</strong></span> <span class='ocrx_word' id='word_1_189' title='bbox 734 1531 947 1562; x_wconf 77' lang='lat' dir='ltr'><strong>distantiarum</strong></span> 
     </span>
     <span class='ocr_line' id='line_1_29' title="bbox 120 1574 948 1615; baseline -0.004 -9"><span class='ocrx_word' id='word_1_190' title='bbox 120 1580 140 1594; x_wconf 81' lang='lat'><strong>‘⁸</strong></span> <span class='ocrx_word' id='word_1_191' title='bbox 154 1577 265 1606; x_wconf 89' lang='lat' dir='ltr'><strong>horum</strong></span> <span class='ocrx_word' id='word_1_192' title='bbox 280 1576 473 1615; x_wconf 80' lang='lat' dir='ltr'><strong>planetarum</strong></span> <span class='ocrx_word' id='word_1_193' title='bbox 487 1587 506 1606; x_wconf 87' lang='lat' dir='ltr'><strong>a</strong></span> <span class='ocrx_word' id='word_1_194' title='bbox 519 1576 599 1606; x_wconf 91' lang='lat' dir='ltr'><strong>Sole.</strong></span> <span class='ocrx_word' id='word_1_195' title='bbox 634 1575 733 1605; x_wconf 90' lang='lat' dir='ltr'><strong>Nullo</strong></span> <span class='ocrx_word' id='word_1_196' title='bbox 744 1574 948 1604; x_wconf 85' lang='lat' dir='ltr'><strong>fundamento</strong></span> 
     </span>
     <span class='ocr_line' id='line_1_30' title="bbox 120 1616 949 1658; baseline -0.002 -10"><span class='ocrx_word' id='word_1_197' title='bbox 120 1620 140 1636; x_wconf 87' lang='lat'><strong>“</strong></span> <span class='ocrx_word' id='word_1_198' title='bbox 155 1617 300 1658; x_wconf 72' lang='lat' dir='ltr'><strong>meraque</strong></span> <span class='ocrx_word' id='word_1_199' title='bbox 319 1617 497 1657; x_wconf 69' lang='lat' dir='ltr'><strong>apparentia</strong></span> <span class='ocrx_word' id='word_1_200' title='bbox 517 1617 608 1648; x_wconf 88' lang='lat' dir='ltr'><strong>nixus</strong></span> <span class='ocrx_word' id='word_1_201' title='bbox 631 1617 752 1647; x_wconf 85' lang='lat' dir='ltr'><strong>videtur</strong></span> <span class='ocrx_word' id='word_1_202' title='bbox 774 1616 949 1647; x_wconf 79' lang='lat' dir='ltr'><strong>Newtonus</strong></span> 
     </span>
     <span class='ocr_line' id='line_1_31' title="bbox 119 1656 942 1699; baseline -0.004 -8"><span class='ocrx_word' id='word_1_203' title='bbox 119 1663 141 1679; x_wconf 89' lang='lat'><strong>“</strong></span> <span class='ocrx_word' id='word_1_204' title='bbox 154 1661 188 1690; x_wconf 88' lang='lat' dir='ltr'><strong>in</strong></span> <span class='ocrx_word' id='word_1_205' title='bbox 223 1660 439 1691; x_wconf 68' lang='lat' dir='ltr'><strong>constituenda</strong></span> <span class='ocrx_word' id='word_1_206' title='bbox 473 1660 534 1691; x_wconf 72' lang='lat' dir='ltr'><strong>hac</strong></span> <span class='ocrx_word' id='word_1_207' title='bbox 568 1660 686 1690; x_wconf 80' lang='lat' dir='ltr'><strong>ratione</strong></span> <span class='ocrx_word' id='word_1_208' title='bbox 721 1656 942 1699; x_wconf 62' lang='lat' dir='ltr'><strong>sesquiplicata.</strong></span> 
     </span>
     <span class='ocr_line' id='line_1_32' title="bbox 119 1700 948 1744; baseline -0.005 -10"><span class='ocrx_word' id='word_1_209' title='bbox 119 1705 142 1722; x_wconf 91' lang='lat'>“</span> <span class='ocrx_word' id='word_1_210' title='bbox 157 1703 268 1744; x_wconf 78' lang='lat' dir='ltr'><strong>Neque</strong></span> <span class='ocrx_word' id='word_1_211' title='bbox 282 1703 365 1733; x_wconf 91' lang='lat' dir='ltr'><strong>enim</strong></span> <span class='ocrx_word' id='word_1_212' title='bbox 379 1702 527 1744; x_wconf 87' lang='lat' dir='ltr'><strong>intelligo,</strong></span> <span class='ocrx_word' id='word_1_213' title='bbox 540 1712 640 1742; x_wconf 88' lang='lat' dir='ltr'><strong>neque</strong></span> <span class='ocrx_word' id='word_1_214' title='bbox 650 1707 686 1732; x_wconf 93' lang='lat' dir='ltr'><strong>ut</strong></span> <span class='ocrx_word' id='word_1_215' title='bbox 696 1702 832 1736; x_wconf 82' lang='lat' dir='ltr'><strong>arbitror,</strong></span> <span class='ocrx_word' id='word_1_216' title='bbox 843 1700 948 1740; x_wconf 68' lang='lat' dir='ltr'><strong>pluroe</strong></span> 
     </span>
     <span class='ocr_line' id='line_1_33' title="bbox 119 1744 947 1785; baseline -0.004 -9"><span class='ocrx_word' id='word_1_217' title='bbox 119 1748 140 1764; x_wconf 86' lang='lat'><strong>“</strong></span> <span class='ocrx_word' id='word_1_218' title='bbox 155 1745 208 1776; x_wconf 88' lang='lat' dir='ltr'><strong>alii</strong></span> <span class='ocrx_word' id='word_1_219' title='bbox 231 1756 283 1776; x_wconf 90' lang='lat' dir='ltr'><strong>me</strong></span> <span class='ocrx_word' id='word_1_220' title='bbox 304 1745 371 1784; x_wconf 90' lang='lat' dir='ltr'><strong>ipso</strong></span> <span class='ocrx_word' id='word_1_221' title='bbox 394 1745 626 1785; x_wconf 76' lang='lat' dir='ltr'><strong>perspicaciores</strong></span> <span class='ocrx_word' id='word_1_222' title='bbox 644 1744 830 1784; x_wconf 88' lang='lat' dir='ltr'><strong>intelligunt,</strong></span> <span class='ocrx_word' id='word_1_223' title='bbox 853 1753 947 1784; x_wconf 87' lang='lat' dir='ltr'><strong>quare</strong></span> 
     </span>
     <span class='ocr_line' id='line_1_34' title="bbox 118 1786 946 1828; baseline -0.001 -11"><span class='ocrx_word' id='word_1_224' title='bbox 118 1791 140 1806; x_wconf 83' lang='lat'><strong>‘⁶</strong></span> <span class='ocrx_word' id='word_1_225' title='bbox 154 1794 265 1819; x_wconf 88' lang='lat' dir='ltr'><strong>mutua</strong></span> <span class='ocrx_word' id='word_1_226' title='bbox 286 1787 479 1827; x_wconf 88' lang='lat' dir='ltr'><strong>planetarum</strong></span> <span class='ocrx_word' id='word_1_227' title='bbox 503 1787 671 1828; x_wconf 83' lang='lat' dir='ltr'><strong>gravitatio.</strong></span> <span class='ocrx_word' id='word_1_228' title='bbox 697 1786 815 1817; x_wconf 86' lang='lat' dir='ltr'><strong>etiamsi</strong></span> <span class='ocrx_word' id='word_1_229' title='bbox 838 1795 946 1816; x_wconf 84' lang='lat' dir='ltr'><strong>conce-</strong></span> 
     </span>
     <span class='ocr_line' id='line_1_35' title="bbox 118 1827 948 1870; baseline -0.004 -9"><span class='ocrx_word' id='word_1_230' title='bbox 118 1833 140 1849; x_wconf 89' lang='lat'>“</span> <span class='ocrx_word' id='word_1_231' title='bbox 155 1829 286 1866; x_wconf 86' lang='lat' dir='ltr'><strong>deretur,</strong></span> <span class='ocrx_word' id='word_1_232' title='bbox 300 1831 380 1860; x_wconf 85' lang='lat' dir='ltr'><strong>hanc</strong></span> <span class='ocrx_word' id='word_1_233' title='bbox 393 1830 618 1870; x_wconf 82' lang='lat' dir='ltr'><strong>proportionem</strong></span> <span class='ocrx_word' id='word_1_234' title='bbox 633 1829 776 1869; x_wconf 84' lang='lat' dir='ltr'><strong>postulet.</strong></span> <span class='ocrx_word' id='word_1_235' title='bbox 810 1828 855 1858; x_wconf 89' lang='lat' dir='ltr'><strong>Et</strong></span> <span class='ocrx_word' id='word_1_236' title='bbox 865 1827 948 1859; x_wconf 69' lang='lat' dir='ltr'><strong>certe</strong></span> 
     </span>
     <span class='ocr_line' id='line_1_36' title="bbox 118 1871 948 1914; baseline -0.001 -11"><span class='ocrx_word' id='word_1_237' title='bbox 118 1876 140 1892; x_wconf 79' lang='lat'><strong>‘⁴</strong></span> <span class='ocrx_word' id='word_1_238' title='bbox 154 1873 220 1903; x_wconf 86' lang='lat' dir='ltr'><strong>haec</strong></span> <span class='ocrx_word' id='word_1_239' title='bbox 234 1872 342 1903; x_wconf 87' lang='lat' dir='ltr'><strong>eadem</strong></span> <span class='ocrx_word' id='word_1_240' title='bbox 355 1873 516 1914; x_wconf 70' lang='lat' dir='ltr'><strong>gravitudo</strong></span> <span class='ocrx_word' id='word_1_241' title='bbox 529 1871 620 1911; x_wconf 73' lang='lat' dir='ltr'><strong>plane</strong></span> <span class='ocrx_word' id='word_1_242' title='bbox 641 1872 840 1912; x_wconf 81' lang='lat' dir='ltr'><strong>irregularem</strong></span> <span class='ocrx_word' id='word_1_243' title='bbox 855 1871 948 1902; x_wconf 80' lang='lat' dir='ltr'><strong>effec-</strong></span> 
     </span>
     <span class='ocr_line' id='line_1_37' title="bbox 119 1913 947 1956; baseline -0.002 -11"><span class='ocrx_word' id='word_1_244' title='bbox 119 1918 140 1933; x_wconf 90' lang='lat'><strong>“</strong></span> <span class='ocrx_word' id='word_1_245' title='bbox 153 1921 223 1945; x_wconf 92' lang='lat' dir='ltr'><strong>tum</strong></span> <span class='ocrx_word' id='word_1_246' title='bbox 244 1921 276 1946; x_wconf 89' lang='lat' dir='ltr'><strong>et</strong></span> <span class='ocrx_word' id='word_1_247' title='bbox 299 1925 364 1946; x_wconf 80' lang='lat' dir='ltr'><strong>suae</strong></span> <span class='ocrx_word' id='word_1_248' title='bbox 387 1915 505 1956; x_wconf 83' lang='lat' dir='ltr'><strong>regulae</strong></span> <span class='ocrx_word' id='word_1_249' title='bbox 526 1914 715 1945; x_wconf 88' lang='lat' dir='ltr'><strong>contrarium</strong></span> <span class='ocrx_word' id='word_1_250' title='bbox 738 1913 878 1954; x_wconf 78' lang='lat' dir='ltr'><strong>producit</strong></span> <span class='ocrx_word' id='word_1_251' title='bbox 898 1924 947 1944; x_wconf 85' lang='lat' dir='ltr'><strong>re-</strong></span> 
     </span>
     <span class='ocr_line' id='line_1_38' title="bbox 118 1956 949 1997; baseline -0.001 -10"><span class='ocrx_word' id='word_1_252' title='bbox 118 1961 141 1976; x_wconf 89' lang='lat'>“</span> <span class='ocrx_word' id='word_1_253' title='bbox 155 1964 260 1995; x_wconf 83' lang='lat' dir='ltr'><strong>spectu</strong></span> <span class='ocrx_word' id='word_1_254' title='bbox 285 1957 398 1997; x_wconf 85' lang='lat' dir='ltr'><strong>aphelii</strong></span> <span class='ocrx_word' id='word_1_255' title='bbox 423 1958 557 1994; x_wconf 87' lang='lat' dir='ltr'><strong>Saturni,</strong></span> <span class='ocrx_word' id='word_1_256' title='bbox 581 1956 656 1988; x_wconf 72' lang='lat' dir='ltr'><strong>cum</strong></span> <span class='ocrx_word' id='word_1_257' title='bbox 682 1957 855 1987; x_wconf 80' lang='lat' dir='ltr'><strong>Newtonus</strong></span> <span class='ocrx_word' id='word_1_258' title='bbox 881 1956 949 1996; x_wconf 83' lang='lat' dir='ltr'><strong>ipse</strong></span> 
     </span>
     <span class='ocr_line' id='line_1_39' title="bbox 119 1998 945 2040; baseline -0.001 -11"><span class='ocrx_word' id='word_1_259' title='bbox 119 2003 140 2018; x_wconf 89' lang='lat'>“</span> <span class='ocrx_word' id='word_1_260' title='bbox 155 2006 268 2030; x_wconf 86' lang='lat' dir='ltr'><strong>statuat</strong></span> <span class='ocrx_word' id='word_1_261' title='bbox 282 2000 314 2029; x_wconf 91' lang='lat' dir='ltr'><strong>in</strong></span> <span class='ocrx_word' id='word_1_262' title='bbox 329 2000 546 2040; x_wconf 87' lang='lat' dir='ltr'><strong>conjunctione</strong></span> <span class='ocrx_word' id='word_1_263' title='bbox 564 1999 653 2031; x_wconf 83' lang='lat' dir='ltr'><strong>Jovis</strong></span> <span class='ocrx_word' id='word_1_264' title='bbox 667 2005 698 2029; x_wconf 86' lang='lat' dir='ltr'><strong>et</strong></span> <span class='ocrx_word' id='word_1_265' title='bbox 714 1998 837 2029; x_wconf 84' lang='lat' dir='ltr'><strong>Saturni</strong></span> <span class='ocrx_word' id='word_1_266' title='bbox 852 2000 945 2037; x_wconf 88' lang='lat' dir='ltr'><strong>aphe-</strong></span> 
     </span>
     <span class='ocr_line' id='line_1_40' title="bbox 118 2040 943 2081; baseline -0.001 -10"><span class='ocrx_word' id='word_1_267' title='bbox 118 2042 234 2072; x_wconf 88' lang='lat' dir='ltr'><strong>“lium</strong></span> <span class='ocrx_word' id='word_1_268' title='bbox 268 2041 348 2071; x_wconf 89' lang='lat' dir='ltr'><strong>illud</strong></span> <span class='ocrx_word' id='word_1_269' title='bbox 379 2052 463 2072; x_wconf 89' lang='lat' dir='ltr'><strong>nunc</strong></span> <span class='ocrx_word' id='word_1_270' title='bbox 491 2041 672 2081; x_wconf 81' lang='lat' dir='ltr'><strong>promoveri,</strong></span> <span class='ocrx_word' id='word_1_271' title='bbox 709 2050 794 2071; x_wconf 90' lang='lat' dir='ltr'><strong>nunc</strong></span> <span class='ocrx_word' id='word_1_272' title='bbox 821 2040 943 2071; x_wconf 87' lang='lat' dir='ltr'><strong>retrahi.</strong></span> 
     </span>
     <span class='ocr_line' id='line_1_41' title="bbox 119 2082 947 2124; baseline -0.002 -10"><span class='ocrx_word' id='word_1_273' title='bbox 119 2088 140 2103; x_wconf 86' lang='lat'><strong>“</strong></span> <span class='ocrx_word' id='word_1_274' title='bbox 157 2084 320 2124; x_wconf 88' lang='lat' dir='ltr'><strong>Numquid</strong></span> <span class='ocrx_word' id='word_1_275' title='bbox 330 2083 370 2114; x_wconf 90' lang='lat' dir='ltr'><strong>de</strong></span> <span class='ocrx_word' id='word_1_276' title='bbox 379 2084 510 2124; x_wconf 84' lang='lat' dir='ltr'><strong>singulis</strong></span> <span class='ocrx_word' id='word_1_277' title='bbox 520 2083 650 2123; x_wconf 87' lang='lat' dir='ltr'><strong>planetis</strong></span> <span class='ocrx_word' id='word_1_278' title='bbox 661 2083 853 2113; x_wconf 85' lang='lat' dir='ltr'><strong>inferioribus</strong></span> <span class='ocrx_word' id='word_1_279' title='bbox 863 2082 947 2113; x_wconf 87' lang='lat' dir='ltr'><strong>idem</strong></span> 
     </span>
     <span class='ocr_line' id='line_1_42' title="bbox 119 2125 948 2166; baseline -0.001 -10"><span class='ocrx_word' id='word_1_280' title='bbox 119 2129 140 2145; x_wconf 91' lang='lat'><strong>“</strong></span> <span class='ocrx_word' id='word_1_281' title='bbox 154 2136 276 2166; x_wconf 85' lang='lat' dir='ltr'><strong>quoque</strong></span> <span class='ocrx_word' id='word_1_282' title='bbox 297 2126 496 2158; x_wconf 81' lang='lat' dir='ltr'><strong>statuendum</strong></span> <span class='ocrx_word' id='word_1_283' title='bbox 520 2125 682 2156; x_wconf 87' lang='lat' dir='ltr'><strong>videretur.</strong></span> <span class='ocrx_word' id='word_1_284' title='bbox 730 2125 815 2155; x_wconf 87' lang='lat' dir='ltr'><strong>Nam</strong></span> <span class='ocrx_word' id='word_1_285' title='bbox 834 2127 860 2155; x_wconf 82' lang='lat' dir='ltr'><strong>si</strong></span> <span class='ocrx_word' id='word_1_286' title='bbox 878 2125 948 2155; x_wconf 82' lang='lat' dir='ltr'><strong>talis</strong></span> 
     </span>
     <span class='ocr_line' id='line_1_43' title="bbox 119 2167 947 2208; baseline -0.002 -10"><span class='ocrx_word' id='word_1_287' title='bbox 119 2172 140 2187; x_wconf 78' lang='lat'><strong>‘⁴</strong></span> <span class='ocrx_word' id='word_1_288' title='bbox 154 2168 342 2199; x_wconf 84' lang='lat' dir='ltr'><strong>admittenda</strong></span> <span class='ocrx_word' id='word_1_289' title='bbox 355 2168 435 2198; x_wconf 84' lang='lat' dir='ltr'><strong>foret</strong></span> <span class='ocrx_word' id='word_1_290' title='bbox 448 2168 594 2203; x_wconf 80' lang='lat' dir='ltr'><strong>attractio,</strong></span> <span class='ocrx_word' id='word_1_291' title='bbox 613 2167 721 2198; x_wconf 87' lang='lat' dir='ltr'><strong>Tellus</strong></span> <span class='ocrx_word' id='word_1_292' title='bbox 734 2177 763 2197; x_wconf 85' lang='lat' dir='ltr'><strong>v.</strong></span> <span class='ocrx_word' id='word_1_293' title='bbox 781 2177 827 2208; x_wconf 87' lang='lat' dir='ltr'><strong>gr.</strong></span> <span class='ocrx_word' id='word_1_294' title='bbox 845 2168 898 2197; x_wconf 90' lang='lat' dir='ltr'><strong>uhi</strong></span> <span class='ocrx_word' id='word_1_295' title='bbox 914 2167 947 2196; x_wconf 93' lang='lat' dir='ltr'><strong>in</strong></span> 
     </span>
     <span class='ocr_line' id='line_1_44' title="bbox 120 2209 947 2250; baseline -0.004 -9"><span class='ocrx_word' id='word_1_296' title='bbox 120 2214 141 2230; x_wconf 79' lang='lat'><strong>‘⁴</strong></span> <span class='ocrx_word' id='word_1_297' title='bbox 155 2211 275 2250; x_wconf 84' lang='lat' dir='ltr'><strong>aphelio</strong></span> <span class='ocrx_word' id='word_1_298' title='bbox 298 2217 442 2248; x_wconf 88' lang='lat' dir='ltr'><strong>versatur,</strong></span> <span class='ocrx_word' id='word_1_299' title='bbox 469 2211 643 2250; x_wconf 89' lang='lat' dir='ltr'><strong>Jovemque</strong></span> <span class='ocrx_word' id='word_1_300' title='bbox 667 2216 807 2248; x_wconf 83' lang='lat' dir='ltr'><strong>respectu</strong></span> <span class='ocrx_word' id='word_1_301' title='bbox 832 2209 947 2239; x_wconf 84' lang='lat' dir='ltr'><strong>zodiaci</strong></span> 
     </span>
     <span class='ocr_line' id='line_1_45' title="bbox 119 2253 948 2292; baseline -0.002 -9"><span class='ocrx_word' id='word_1_302' title='bbox 119 2257 140 2272; x_wconf 79' lang='lat'><strong>‘⁶</strong></span> <span class='ocrx_word' id='word_1_303' title='bbox 155 2253 308 2292; x_wconf 87' lang='lat' dir='ltr'><strong>praecedit‚</strong></span> <span class='ocrx_word' id='word_1_304' title='bbox 323 2254 534 2288; x_wconf 88' lang='lat' dir='ltr'><strong>retraheretur,</strong></span> <span class='ocrx_word' id='word_1_305' title='bbox 550 2259 582 2282; x_wconf 91' lang='lat' dir='ltr'><strong>et</strong></span> <span class='ocrx_word' id='word_1_306' title='bbox 600 2257 705 2282; x_wconf 83' lang='lat' dir='ltr'><strong>contra</strong></span> <span class='ocrx_word' id='word_1_307' title='bbox 718 2258 948 2291; x_wconf 87' lang='lat' dir='ltr'><strong>promoveretur</strong></span> 
     </span>
     <span class='ocr_line' id='line_1_46' title="bbox 120 2293 947 2335; baseline -0.002 -9"><span class='ocrx_word' id='word_1_308' title='bbox 120 2300 140 2315; x_wconf 89' lang='lat'>“</span> <span class='ocrx_word' id='word_1_309' title='bbox 156 2295 210 2326; x_wconf 93' lang='lat' dir='ltr'><strong>ubi</strong></span> <span class='ocrx_word' id='word_1_310' title='bbox 224 2295 348 2335; x_wconf 78' lang='lat' dir='ltr'><strong>Jupiter</strong></span> <span class='ocrx_word' id='word_1_311' title='bbox 364 2296 520 2326; x_wconf 80' lang='lat' dir='ltr'><strong>Tellurem</strong></span> <span class='ocrx_word' id='word_1_312' title='bbox 536 2295 729 2334; x_wconf 85' lang='lat' dir='ltr'><strong>praecederet.</strong></span> <span class='ocrx_word' id='word_1_313' title='bbox 773 2293 866 2325; x_wconf 88' lang='lat' dir='ltr'><strong>Unde</strong></span> <span class='ocrx_word' id='word_1_314' title='bbox 880 2294 947 2324; x_wconf 80' lang='lat' dir='ltr'><strong>haec</strong></span> 
     </span>
     <span class='ocr_line' id='line_1_47' title="bbox 119 2335 948 2379; baseline -0.002 -11"><span class='ocrx_word' id='word_1_315' title='bbox 119 2342 141 2357; x_wconf 82' lang='lat'><strong>‘⁸</strong></span> <span class='ocrx_word' id='word_1_316' title='bbox 155 2338 314 2379; x_wconf 84' lang='lat' dir='ltr'><strong>gravitatio</strong></span> <span class='ocrx_word' id='word_1_317' title='bbox 339 2339 506 2370; x_wconf 83' lang='lat' dir='ltr'><strong>contrarios</strong></span> <span class='ocrx_word' id='word_1_318' title='bbox 528 2335 656 2368; x_wconf 74' lang='lat' dir='ltr'><strong>omnino</strong></span> <span class='ocrx_word' id='word_1_319' title='bbox 678 2337 806 2367; x_wconf 84' lang='lat' dir='ltr'><strong>effectus</strong></span> <span class='ocrx_word' id='word_1_320' title='bbox 823 2341 895 2366; x_wconf 84' lang='lat' dir='ltr'><strong>ante</strong></span> <span class='ocrx_word' id='word_1_321' title='bbox 916 2343 948 2367; x_wconf 86' lang='lat' dir='ltr'><strong>et</strong></span> 
     </span>
     <span class='ocr_line' id='line_1_48' title="bbox 119 2378 946 2422; baseline -0.002 -12"><span class='ocrx_word' id='word_1_322' title='bbox 119 2384 140 2399; x_wconf 79' lang='lat'><strong>‘⁴</strong></span> <span class='ocrx_word' id='word_1_323' title='bbox 154 2387 223 2419; x_wconf 91' lang='lat' dir='ltr'><strong>post</strong></span> <span class='ocrx_word' id='word_1_324' title='bbox 246 2381 493 2422; x_wconf 79' lang='lat' dir='ltr'><strong>conjunctionem</strong></span> <span class='ocrx_word' id='word_1_325' title='bbox 518 2379 652 2410; x_wconf 90' lang='lat' dir='ltr'><strong>Telluris</strong></span> <span class='ocrx_word' id='word_1_326' title='bbox 672 2386 704 2409; x_wconf 92' lang='lat' dir='ltr'><strong>et</strong></span> <span class='ocrx_word' id='word_1_327' title='bbox 722 2379 810 2411; x_wconf 88' lang='lat' dir='ltr'><strong>Jovis</strong></span> <span class='ocrx_word' id='word_1_328' title='bbox 831 2378 946 2418; x_wconf 83' lang='lat' dir='ltr'><strong>produ-</strong></span> 
     </span>
     <span class='ocr_line' id='line_1_49' title="bbox 120 2420 948 2461; baseline -0.001 -9"><span class='ocrx_word' id='word_1_329' title='bbox 120 2426 141 2442; x_wconf 79' lang='lat'><strong>⁴‘</strong></span> <span class='ocrx_word' id='word_1_330' title='bbox 155 2430 244 2453; x_wconf 80' lang='lat' dir='ltr'><strong>ceret.</strong></span> <span class='ocrx_word' id='word_1_331' title='bbox 293 2424 353 2454; x_wconf 84' lang='lat' dir='ltr'><strong>Sed</strong></span> <span class='ocrx_word' id='word_1_332' title='bbox 376 2423 419 2453; x_wconf 91' lang='lat' dir='ltr'><strong>nil</strong></span> <span class='ocrx_word' id='word_1_333' title='bbox 440 2424 500 2454; x_wconf 88' lang='lat' dir='ltr'><strong>tale</strong></span> <span class='ocrx_word' id='word_1_334' title='bbox 521 2424 703 2457; x_wconf 87' lang='lat' dir='ltr'><strong>observatur,</strong></span> <span class='ocrx_word' id='word_1_335' title='bbox 727 2421 820 2461; x_wconf 90' lang='lat' dir='ltr'><strong>idque</strong></span> <span class='ocrx_word' id='word_1_336' title='bbox 838 2430 876 2451; x_wconf 90' lang='lat' dir='ltr'><strong>ex</strong></span> <span class='ocrx_word' id='word_1_337' title='bbox 890 2420 948 2451; x_wconf 65' lang='lat' dir='ltr'><strong>sua</strong></span> 
     </span>
     <span class='ocr_line' id='line_1_50' title="bbox 120 2463 946 2505; baseline 0 -11"><span class='ocrx_word' id='word_1_338' title='bbox 120 2469 140 2484; x_wconf 82' lang='lat'><strong>‘⁶</strong></span> <span class='ocrx_word' id='word_1_339' title='bbox 154 2465 315 2505; x_wconf 83' lang='lat' dir='ltr'><strong>hypothesi</strong></span> <span class='ocrx_word' id='word_1_340' title='bbox 331 2467 504 2497; x_wconf 82' lang='lat' dir='ltr'><strong>Newtonus</strong></span> <span class='ocrx_word' id='word_1_341' title='bbox 516 2464 646 2495; x_wconf 89' lang='lat' dir='ltr'><strong>minime</strong></span> <span class='ocrx_word' id='word_1_342' title='bbox 660 2463 787 2505; x_wconf 86' lang='lat' dir='ltr'><strong>colligit,</strong></span> <span class='ocrx_word' id='word_1_343' title='bbox 807 2463 886 2494; x_wconf 83' lang='lat' dir='ltr'><strong>sicut</strong></span> <span class='ocrx_word' id='word_1_344' title='bbox 900 2463 946 2494; x_wconf 69' lang='lat' dir='ltr'><strong>fa.-</strong></span> 
     </span>
     <span class='ocr_line' id='line_1_51' title="bbox 119 2507 411 2548; baseline 0.007 -11"><span class='ocrx_word' id='word_1_345' title='bbox 119 2510 141 2526; x_wconf 89' lang='lat'><strong>“</strong></span> <span class='ocrx_word' id='word_1_346' title='bbox 155 2517 224 2537; x_wconf 90' lang='lat' dir='ltr'><strong>cere</strong></span> <span class='ocrx_word' id='word_1_347' title='bbox 237 2507 411 2548; x_wconf 86' lang='lat' dir='ltr'><strong>deberet.”)</strong></span> 
     </span>
    </p>

    <p class='ocr_par' dir='ltr' id='par_1_5' title="bbox 118 2548 948 2633">
     <span class='ocr_line' id='line_1_52' title="bbox 162 2548 948 2590; baseline 0.001 -11"><span class='ocrx_word' id='word_1_348' title='bbox 162 2551 180 2568; x_wconf 46' lang='grc' dir='ltr'>ὓ</span> <span class='ocrx_word' id='word_1_349' title='bbox 198 2549 251 2579; x_wconf 85' lang='lat' dir='ltr'><strong>Ex</strong></span> <span class='ocrx_word' id='word_1_350' title='bbox 270 2550 424 2589; x_wconf 73' lang='lat' dir='ltr'><strong>praedictis</strong></span> <span class='ocrx_word' id='word_1_351' title='bbox 439 2556 544 2581; x_wconf 86' lang='lat' dir='ltr'><strong>autem</strong></span> <span class='ocrx_word' id='word_1_352' title='bbox 557 2549 647 2580; x_wconf 84' lang='lat' dir='ltr'><strong>facile</strong></span> <span class='ocrx_word' id='word_1_353' title='bbox 665 2548 839 2590; x_wconf 88' lang='lat' dir='ltr'><strong>responderi</strong></span> <span class='ocrx_word' id='word_1_354' title='bbox 849 2558 948 2589; x_wconf 61' lang='lat' dir='ltr'><strong>,pose</strong></span> 
     </span>
     <span class='ocr_line' id='line_1_53' title="bbox 118 2590 649 2633; baseline 0 -11"><span class='ocrx_word' id='word_1_355' title='bbox 118 2590 241 2622; x_wconf 80' lang='lat' dir='ltr'><strong>videtur</strong></span> <span class='ocrx_word' id='word_1_356' title='bbox 255 2592 311 2622; x_wconf 85' lang='lat' dir='ltr'><strong>viri</strong></span> <span class='ocrx_word' id='word_1_357' title='bbox 325 2593 489 2623; x_wconf 82' lang='lat' dir='ltr'><strong>doctissimi</strong></span> <span class='ocrx_word' id='word_1_358' title='bbox 505 2593 649 2633; x_wconf 84' lang='lat' dir='ltr'><strong>quaesitis.</strong></span> 
     </span>
    </p>

    <p class='ocr_par' dir='ltr' id='par_1_6' title="bbox 120 2633 952 3013">
     <span class='ocr_line' id='line_1_54' title="bbox 167 2633 946 2675; baseline 0.001 -11"><span class='ocrx_word' id='word_1_359' title='bbox 167 2634 213 2664; x_wconf 84' lang='lat'><strong>10.</strong></span> <span class='ocrx_word' id='word_1_360' title='bbox 240 2634 337 2665; x_wconf 89' lang='lat' dir='ltr'><strong>Enim</strong></span> <span class='ocrx_word' id='word_1_361' title='bbox 360 2634 503 2666; x_wconf 71' lang='lat' dir='ltr'><strong>concessa</strong></span> <span class='ocrx_word' id='word_1_362' title='bbox 523 2635 715 2675; x_wconf 86' lang='lat' dir='ltr'><strong>planetarum</strong></span> <span class='ocrx_word' id='word_1_363' title='bbox 736 2633 946 2674; x_wconf 84' lang='lat' dir='ltr'><strong>gravitatione,</strong></span> 
     </span>
     <span class='ocr_line' id='line_1_55' title="bbox 120 2677 948 2716; baseline 0.001 -10"><span class='ocrx_word' id='word_1_364' title='bbox 120 2683 241 2707; x_wconf 89' lang='lat' dir='ltr'><strong>motum</strong></span> <span class='ocrx_word' id='word_1_365' title='bbox 266 2677 456 2716; x_wconf 86' lang='lat' dir='ltr'><strong>apheliorum</strong></span> <span class='ocrx_word' id='word_1_366' title='bbox 479 2677 672 2716; x_wconf 85' lang='lat' dir='ltr'><strong>planetarum</strong></span> <span class='ocrx_word' id='word_1_367' title='bbox 696 2677 876 2707; x_wconf 78' lang='lat' dir='ltr'><strong>inferiorum</strong></span> <span class='ocrx_word' id='word_1_368' title='bbox 902 2687 948 2707; x_wconf 86' lang='lat' dir='ltr'><strong>se-</strong></span> 
     </span>
     <span class='ocr_line' id='line_1_56' title="bbox 121 2718 948 2759; baseline 0 -10"><span class='ocrx_word' id='word_1_369' title='bbox 121 2718 261 2756; x_wconf 71' lang='lat' dir='ltr'><strong>cundum</strong></span> <span class='ocrx_word' id='word_1_370' title='bbox 280 2720 507 2759; x_wconf 87' lang='lat' dir='ltr'><strong>proportionem</strong></span> <span class='ocrx_word' id='word_1_371' title='bbox 528 2719 771 2759; x_wconf 65' lang='lat' dir='ltr'><strong>sesquiplicatam</strong></span> <span class='ocrx_word' id='word_1_372' title='bbox 791 2719 948 2750; x_wconf 84' lang='lat' dir='ltr'><strong>distantia-</strong></span> 
     </span>
     <span class='ocr_line' id='line_1_57' title="bbox 121 2760 944 2803; baseline 0 -12"><span class='ocrx_word' id='word_1_373' title='bbox 121 2771 192 2791; x_wconf 90' lang='lat' dir='ltr'><strong>rum</strong></span> <span class='ocrx_word' id='word_1_374' title='bbox 206 2761 272 2791; x_wconf 69' lang='lat' dir='ltr'><strong>fioeri</strong></span> <span class='ocrx_word' id='word_1_375' title='bbox 287 2761 406 2798; x_wconf 88' lang='lat' dir='ltr'><strong>debere,</strong></span> <span class='ocrx_word' id='word_1_376' title='bbox 422 2760 635 2795; x_wconf 77' lang='lat' dir='ltr'><strong>mathematice</strong></span> <span class='ocrx_word' id='word_1_377' title='bbox 646 2762 784 2803; x_wconf 87' lang='lat' dir='ltr'><strong>sequitur</strong></span> <span class='ocrx_word' id='word_1_378' title='bbox 792 2771 829 2792; x_wconf 88' lang='lat' dir='ltr'><strong>ex</strong></span> <span class='ocrx_word' id='word_1_379' title='bbox 842 2762 944 2792; x_wconf 84' lang='lat' dir='ltr'><strong>Corol.</strong></span> 
     </span>
     <span class='ocr_line' id='line_1_58' title="bbox 126 2803 949 2844; baseline 0.001 -11"><span class='ocrx_word' id='word_1_380' title='bbox 126 2806 173 2834; x_wconf 85' lang='lat'><strong>16.</strong></span> <span class='ocrx_word' id='word_1_381' title='bbox 198 2804 289 2843; x_wconf 89' lang='lat' dir='ltr'><strong>Prop.</strong></span> <span class='ocrx_word' id='word_1_382' title='bbox 310 2804 441 2835; x_wconf 85' lang='lat' dir='ltr'><strong>LXVI.</strong></span> <span class='ocrx_word' id='word_1_383' title='bbox 467 2803 538 2834; x_wconf 85' lang='lat' dir='ltr'><strong>Lib.</strong></span> <span class='ocrx_word' id='word_1_384' title='bbox 562 2803 591 2834; x_wconf 92' lang='lat'><strong>1.</strong></span> <span class='ocrx_word' id='word_1_385' title='bbox 615 2810 653 2835; x_wconf 84' lang='lat' dir='ltr'><strong>ut</strong></span> <span class='ocrx_word' id='word_1_386' title='bbox 676 2814 768 2844; x_wconf 84' lang='lat' dir='ltr'><strong>supra</strong></span> <span class='ocrx_word' id='word_1_387' title='bbox 791 2811 949 2834; x_wconf 89' lang='lat' dir='ltr'><strong>ostensum</strong></span> 
     </span>
     <span class='ocr_line' id='line_1_59' title="bbox 123 2845 949 2882; baseline 0.001 -7"><span class='ocrx_word' id='word_1_388' title='bbox 123 2851 178 2882; x_wconf 86' lang='lat' dir='ltr'><strong>est,</strong></span> <span class='ocrx_word' id='word_1_389' title='bbox 203 2846 284 2876; x_wconf 91' lang='lat' dir='ltr'><strong>illud</strong></span> <span class='ocrx_word' id='word_1_390' title='bbox 308 2853 413 2877; x_wconf 79' lang='lat' dir='ltr'><strong>autem</strong></span> <span class='ocrx_word' id='word_1_391' title='bbox 439 2845 642 2877; x_wconf 78' lang='lat' dir='ltr'><strong>Comum-ium</strong></span> <span class='ocrx_word' id='word_1_392' title='bbox 668 2850 714 2877; x_wconf 87' lang='lat'><strong>16.</strong></span> <span class='ocrx_word' id='word_1_393' title='bbox 734 2853 798 2877; x_wconf 79' lang='lat' dir='ltr'><strong>tam</strong></span> <span class='ocrx_word' id='word_1_394' title='bbox 821 2857 859 2877; x_wconf 86' lang='lat' dir='ltr'><strong>ex</strong></span> <span class='ocrx_word' id='word_1_395' title='bbox 884 2856 949 2876; x_wconf 88' lang='lat' dir='ltr'><strong>sec-</strong></span> 
     </span>
     <span class='ocr_line' id='line_1_60' title="bbox 123 2887 945 2929; baseline 0.001 -12"><span class='ocrx_word' id='word_1_396' title='bbox 123 2887 207 2917; x_wconf 89' lang='lat' dir='ltr'><strong>tione</strong></span> <span class='ocrx_word' id='word_1_397' title='bbox 227 2887 301 2919; x_wconf 68' lang='lat' dir='ltr'><strong>nota</strong></span> <span class='ocrx_word' id='word_1_398' title='bbox 321 2889 391 2920; x_wconf 90' lang='lat' dir='ltr'><strong>Lib.</strong></span> <span class='ocrx_word' id='word_1_399' title='bbox 412 2888 439 2919; x_wconf 93' lang='lat' dir='ltr'><strong>I.</strong></span> <span class='ocrx_word' id='word_1_400' title='bbox 457 2887 551 2929; x_wconf 74' lang='lat' dir='ltr'><strong>quam</strong></span> <span class='ocrx_word' id='word_1_401' title='bbox 565 2897 603 2918; x_wconf 88' lang='lat' dir='ltr'><strong>ex</strong></span> <span class='ocrx_word' id='word_1_402' title='bbox 617 2887 683 2927; x_wconf 67' lang='lat' dir='ltr'><strong>ipsa</strong></span> <span class='ocrx_word' id='word_1_403' title='bbox 700 2888 792 2928; x_wconf 91' lang='lat' dir='ltr'><strong>Prop.</strong></span> <span class='ocrx_word' id='word_1_404' title='bbox 813 2888 945 2919; x_wconf 86' lang='lat' dir='ltr'><strong>LXVI.</strong></span> 
     </span>
     <span class='ocr_line' id='line_1_61' title="bbox 123 2929 952 2972; baseline 0.005 -14"><span class='ocrx_word' id='word_1_405' title='bbox 123 2929 260 2969; x_wconf 70' lang='lat' dir='ltr'><strong>legitime</strong></span> <span class='ocrx_word' id='word_1_406' title='bbox 280 2931 401 2968; x_wconf 89' lang='lat' dir='ltr'><strong>deduci,</strong></span> <span class='ocrx_word' id='word_1_407' title='bbox 424 2941 460 2961; x_wconf 87' lang='lat' dir='ltr'><strong>ex</strong></span> <span class='ocrx_word' id='word_1_408' title='bbox 477 2932 543 2970; x_wconf 87' lang='lat' dir='ltr'><strong>ipso</strong></span> <span class='ocrx_word' id='word_1_409' title='bbox 565 2930 719 2961; x_wconf 78' lang='lat' dir='ltr'><strong>Newtono</strong></span> <span class='ocrx_word' id='word_1_410' title='bbox 737 2931 878 2972; x_wconf 84' lang='lat' dir='ltr'><strong>notisque</strong></span> <span class='ocrx_word' id='word_1_411' title='bbox 890 2930 952 2961; x_wconf 84' lang='lat' dir='ltr'><strong>illis</strong></span> 
     </span>
     <span class='ocr_line' id='line_1_62' title="bbox 124 2971 691 3013; baseline 0 -12"><span class='ocrx_word' id='word_1_412' title='bbox 124 2971 201 3002; x_wconf 83' lang='lat' dir='ltr'><strong>locis</strong></span> <span class='ocrx_word' id='word_1_413' title='bbox 214 2972 338 3013; x_wconf 80' lang='lat' dir='ltr'><strong>adjectis</strong></span> <span class='ocrx_word' id='word_1_414' title='bbox 351 2975 513 3013; x_wconf 88' lang='lat' dir='ltr'><strong>probatum</strong></span> <span class='ocrx_word' id='word_1_415' title='bbox 527 2971 691 3003; x_wconf 89' lang='lat' dir='ltr'><strong>credimus.</strong></span> 
     </span>
    </p>

    <p class='ocr_par' dir='ltr' id='par_1_7' title="bbox 126 3013 951 3098">
     <span class='ocr_line' id='line_1_63' title="bbox 168 3013 951 3056; baseline 0.003 -12"><span class='ocrx_word' id='word_1_416' title='bbox 168 3013 217 3044; x_wconf 77' lang='lat'><strong>20.</strong></span> <span class='ocrx_word' id='word_1_417' title='bbox 245 3015 338 3050; x_wconf 84' lang='lat' dir='ltr'><strong>Quod</strong></span> <span class='ocrx_word' id='word_1_418' title='bbox 352 3015 491 3056; x_wconf 82' lang='lat' dir='ltr'><strong>queritur</strong></span> <span class='ocrx_word' id='word_1_419' title='bbox 506 3015 547 3045; x_wconf 87' lang='lat' dir='ltr'><strong>V.</strong></span> <span class='ocrx_word' id='word_1_420' title='bbox 564 3015 607 3045; x_wconf 93' lang='lat' dir='ltr'><strong>D.</strong></span> <span class='ocrx_word' id='word_1_421' title='bbox 622 3015 760 3046; x_wconf 78' lang='lat' dir='ltr'><strong>eamdem</strong></span> <span class='ocrx_word' id='word_1_422' title='bbox 776 3015 951 3056; x_wconf 80' lang='lat' dir='ltr'><strong>gravitatio—</strong></span> 
     </span>
     <span class='ocr_line' id='line_1_64' title="bbox 126 3057 950 3098; baseline 0.004 -12"><span class='ocrx_word' id='word_1_423' title='bbox 126 3065 199 3086; x_wconf 84' lang='lat' dir='ltr'><strong>nem</strong></span> <span class='ocrx_word' id='word_1_424' title='bbox 220 3058 405 3089; x_wconf 88' lang='lat' dir='ltr'><strong>contrarium</strong></span> <span class='ocrx_word' id='word_1_425' title='bbox 430 3058 575 3089; x_wconf 85' lang='lat' dir='ltr'><strong>effectum</strong></span> <span class='ocrx_word' id='word_1_426' title='bbox 598 3057 715 3098; x_wconf 83' lang='lat' dir='ltr'><strong>regulae</strong></span> <span class='ocrx_word' id='word_1_427' title='bbox 742 3068 806 3088; x_wconf 82' lang='lat' dir='ltr'><strong>suae</strong></span> <span class='ocrx_word' id='word_1_428' title='bbox 835 3058 950 3098; x_wconf 89' lang='lat' dir='ltr'><strong>produ-</strong></span> 
     </span>
    </p>
   </div>
   <div class='ocr_carea' id='block_1_5' title="bbox 991 555 1826 1613">
    <p class='ocr_par' dir='ltr' id='par_1_8' title="bbox 994 555 1826 1095">
     <span class='ocr_line' id='line_1_65' title="bbox 994 555 1824 595; baseline 0 -7"><span class='ocrx_word' id='word_1_429' title='bbox 994 566 1063 588; x_wconf 85' lang='lat' dir='ltr'><strong>cere</strong></span> <span class='ocrx_word' id='word_1_430' title='bbox 1076 562 1216 594; x_wconf 71' lang='lat' dir='ltr'><strong>respectu</strong></span> <span class='ocrx_word' id='word_1_431' title='bbox 1230 555 1343 595; x_wconf 89' lang='lat' dir='ltr'><strong>aphelii</strong></span> <span class='ocrx_word' id='word_1_432' title='bbox 1361 555 1495 591; x_wconf 85' lang='lat' dir='ltr'><strong>Saturni,</strong></span> <span class='ocrx_word' id='word_1_433' title='bbox 1512 555 1543 586; x_wconf 88' lang='lat' dir='ltr'><strong>id</strong></span> <span class='ocrx_word' id='word_1_434' title='bbox 1558 556 1631 585; x_wconf 85' lang='lat' dir='ltr'><strong>vitio</strong></span> <span class='ocrx_word' id='word_1_435' title='bbox 1644 557 1824 588; x_wconf 81' lang='lat' dir='ltr'><strong>vertendum</strong></span> 
     </span>
     <span class='ocr_line' id='line_1_66' title="bbox 997 598 1826 638; baseline 0.002 -10"><span class='ocrx_word' id='word_1_436' title='bbox 997 608 1061 628; x_wconf 89' lang='lat' dir='ltr'><strong>non</strong></span> <span class='ocrx_word' id='word_1_437' title='bbox 1090 598 1314 638; x_wconf 57' lang='lat' dir='ltr'><strong>est&#39;systemati</strong></span> <span class='ocrx_word' id='word_1_438' title='bbox 1342 598 1556 634; x_wconf 84' lang='lat' dir='ltr'><strong>Newtoniano,</strong></span> <span class='ocrx_word' id='word_1_439' title='bbox 1582 598 1657 638; x_wconf 88' lang='lat' dir='ltr'><strong>quin</strong></span> <span class='ocrx_word' id='word_1_440' title='bbox 1682 608 1699 628; x_wconf 92' lang='lat' dir='ltr'><strong>e</strong></span> <span class='ocrx_word' id='word_1_441' title='bbox 1722 607 1826 630; x_wconf 81' lang='lat' dir='ltr'><strong>contra</strong></span> 
     </span>
     <span class='ocr_line' id='line_1_67' title="bbox 997 639 1821 682; baseline 0 -11"><span class='ocrx_word' id='word_1_442' title='bbox 997 641 1123 682; x_wconf 83' lang='lat' dir='ltr'><strong>egregia</strong></span> <span class='ocrx_word' id='word_1_443' title='bbox 1157 641 1265 679; x_wconf 89' lang='lat' dir='ltr'><strong>procul</strong></span> <span class='ocrx_word' id='word_1_444' title='bbox 1306 639 1402 671; x_wconf 89' lang='lat' dir='ltr'><strong>dubio</strong></span> <span class='ocrx_word' id='word_1_445' title='bbox 1441 647 1487 670; x_wconf 83' lang='lat' dir='ltr'><strong>est</strong></span> <span class='ocrx_word' id='word_1_446' title='bbox 1521 641 1587 680; x_wconf 89' lang='lat' dir='ltr'><strong>ejus</strong></span> <span class='ocrx_word' id='word_1_447' title='bbox 1622 640 1821 673; x_wconf 74' lang='lat' dir='ltr'><strong>confirmatio·</strong></span> 
     </span>
     <span class='ocr_line' id='line_1_68' title="bbox 1000 682 1826 723; baseline 0.001 -11"><span class='ocrx_word' id='word_1_448' title='bbox 1000 684 1126 722; x_wconf 84' lang='lat' dir='ltr'><strong>Quippe</strong></span> <span class='ocrx_word' id='word_1_449' title='bbox 1146 693 1184 712; x_wconf 88' lang='lat' dir='ltr'><strong>eo</strong></span> <span class='ocrx_word' id='word_1_450' title='bbox 1206 683 1271 721; x_wconf 89' lang='lat' dir='ltr'><strong>ipso</strong></span> <span class='ocrx_word' id='word_1_451' title='bbox 1291 682 1376 723; x_wconf 89' lang='lat' dir='ltr'><strong>quod</strong></span> <span class='ocrx_word' id='word_1_452' title='bbox 1397 682 1547 713; x_wconf 86' lang='lat' dir='ltr'><strong>Saturnus</strong></span> <span class='ocrx_word' id='word_1_453' title='bbox 1561 682 1677 712; x_wconf 87' lang='lat' dir='ltr'><strong>caeteris</strong></span> <span class='ocrx_word' id='word_1_454' title='bbox 1698 682 1826 720; x_wconf 87' lang='lat' dir='ltr'><strong>planetis</strong></span> 
     </span>
     <span class='ocr_line' id='line_1_69' title="bbox 996 723 1826 765; baseline -0.001 -9"><span class='ocrx_word' id='word_1_455' title='bbox 996 726 1036 756; x_wconf 81' lang='lat' dir='ltr'><strong>sit</strong></span> <span class='ocrx_word' id='word_1_456' title='bbox 1054 724 1193 761; x_wconf 85' lang='lat' dir='ltr'><strong>exterior,</strong></span> <span class='ocrx_word' id='word_1_457' title='bbox 1215 735 1253 755; x_wconf 87' lang='lat' dir='ltr'><strong>ex</strong></span> <span class='ocrx_word' id='word_1_458' title='bbox 1275 731 1438 765; x_wconf 82' lang='lat' dir='ltr'><strong>systemate</strong></span> <span class='ocrx_word' id='word_1_459' title='bbox 1461 724 1667 755; x_wconf 86' lang='lat' dir='ltr'><strong>Newtoniano</strong></span> <span class='ocrx_word' id='word_1_460' title='bbox 1681 723 1751 754; x_wconf 87' lang='lat' dir='ltr'><strong>fluit</strong></span> <span class='ocrx_word' id='word_1_461' title='bbox 1764 725 1826 755; x_wconf 89' lang='lat' dir='ltr'><strong>vim</strong></span> 
     </span>
     <span class='ocr_line' id='line_1_70' title="bbox 999 766 1826 807; baseline 0.001 -11"><span class='ocrx_word' id='word_1_462' title='bbox 999 767 1078 800; x_wconf 83' lang='lat' dir='ltr'><strong>Solis</strong></span> <span class='ocrx_word' id='word_1_463' title='bbox 1092 768 1125 797; x_wconf 90' lang='lat' dir='ltr'><strong>in</strong></span> <span class='ocrx_word' id='word_1_464' title='bbox 1141 767 1310 797; x_wconf 86' lang='lat' dir='ltr'><strong>Saturnum</strong></span> <span class='ocrx_word' id='word_1_465' title='bbox 1325 773 1469 807; x_wconf 87' lang='lat' dir='ltr'><strong>agentem</strong></span> <span class='ocrx_word' id='word_1_466' title='bbox 1481 767 1590 807; x_wconf 86' lang='lat' dir='ltr'><strong>augeri</strong></span> <span class='ocrx_word' id='word_1_467' title='bbox 1608 776 1663 805; x_wconf 89' lang='lat' dir='ltr'><strong>per</strong></span> <span class='ocrx_word' id='word_1_468' title='bbox 1676 766 1737 796; x_wconf 86' lang='lat' dir='ltr'><strong>vim</strong></span> <span class='ocrx_word' id='word_1_469' title='bbox 1760 767 1826 805; x_wconf 86' lang='lat' dir='ltr'><strong>pla-</strong></span> 
     </span>
     <span class='ocr_line' id='line_1_71' title="bbox 996 808 1825 850; baseline 0 -11"><span class='ocrx_word' id='word_1_470' title='bbox 996 816 1138 840; x_wconf 83' lang='lat' dir='ltr'><strong>netarum</strong></span> <span class='ocrx_word' id='word_1_471' title='bbox 1152 810 1332 840; x_wconf 88' lang='lat' dir='ltr'><strong>interiorum</strong></span> <span class='ocrx_word' id='word_1_472' title='bbox 1347 811 1378 839; x_wconf 91' lang='lat' dir='ltr'><strong>in</strong></span> <span class='ocrx_word' id='word_1_473' title='bbox 1395 809 1620 850; x_wconf 85' lang='lat' dir='ltr'><strong>conjunctione.</strong></span> <span class='ocrx_word' id='word_1_474' title='bbox 1637 808 1721 838; x_wconf 86' lang='lat' dir='ltr'><strong>unde</strong></span> <span class='ocrx_word' id='word_1_475' title='bbox 1732 809 1825 847; x_wconf 86' lang='lat' dir='ltr'><strong>aphe-</strong></span> 
     </span>
     <span class='ocr_line' id='line_1_72' title="bbox 995 851 1826 892; baseline -0.001 -11"><span class='ocrx_word' id='word_1_476' title='bbox 995 852 1074 881; x_wconf 90' lang='lat' dir='ltr'><strong>lium</strong></span> <span class='ocrx_word' id='word_1_477' title='bbox 1088 852 1155 892; x_wconf 85' lang='lat' dir='ltr'><strong>ejus</strong></span> <span class='ocrx_word' id='word_1_478' title='bbox 1168 852 1259 882; x_wconf 89' lang='lat' dir='ltr'><strong>dehet</strong></span> <span class='ocrx_word' id='word_1_479' title='bbox 1274 852 1392 892; x_wconf 86' lang='lat' dir='ltr'><strong>regredi</strong></span> <span class='ocrx_word' id='word_1_480' title='bbox 1414 862 1469 891; x_wconf 89' lang='lat' dir='ltr'><strong>per</strong></span> <span class='ocrx_word' id='word_1_481' title='bbox 1485 852 1579 890; x_wconf 90' lang='lat' dir='ltr'><strong>Prop.</strong></span> <span class='ocrx_word' id='word_1_482' title='bbox 1599 851 1665 881; x_wconf 84' lang='lat' dir='ltr'><strong>XL</strong></span> <span class='ocrx_word' id='word_1_483' title='bbox 1674 851 1708 880; x_wconf 74' lang='lat' dir='ltr'><strong>V,</strong></span> <span class='ocrx_word' id='word_1_484' title='bbox 1728 851 1826 891; x_wconf 90' lang='lat' dir='ltr'><strong>(quod</strong></span> 
     </span>
     <span class='ocr_line' id='line_1_73' title="bbox 994 893 1824 934; baseline -0.001 -10"><span class='ocrx_word' id='word_1_485' title='bbox 994 894 1028 924; x_wconf 85' lang='lat' dir='ltr'><strong>in</strong></span> <span class='ocrx_word' id='word_1_486' title='bbox 1045 895 1179 925; x_wconf 81' lang='lat' dir='ltr'><strong>Saturno</strong></span> <span class='ocrx_word' id='word_1_487' title='bbox 1193 895 1355 929; x_wconf 88' lang='lat' dir='ltr'><strong>observari,</strong></span> <span class='ocrx_word' id='word_1_488' title='bbox 1373 905 1411 924; x_wconf 88' lang='lat' dir='ltr'><strong>ex</strong></span> <span class='ocrx_word' id='word_1_489' title='bbox 1426 895 1492 934; x_wconf 84' lang='lat' dir='ltr'><strong>ipso</strong></span> <span class='ocrx_word' id='word_1_490' title='bbox 1509 894 1637 925; x_wconf 86' lang='lat' dir='ltr'><strong>cassino</strong></span> <span class='ocrx_word' id='word_1_491' title='bbox 1650 893 1824 930; x_wconf 84' lang='lat' dir='ltr'><strong>didicimus,</strong></span> 
     </span>
     <span class='ocr_line' id='line_1_74' title="bbox 994 935 1826 978; baseline -0.002 -11"><span class='ocrx_word' id='word_1_492' title='bbox 994 943 1032 967; x_wconf 89' lang='lat' dir='ltr'><strong>ut</strong></span> <span class='ocrx_word' id='word_1_493' title='bbox 1052 938 1193 976; x_wconf 89' lang='lat' dir='ltr'><strong>superius</strong></span> <span class='ocrx_word' id='word_1_494' title='bbox 1206 935 1281 967; x_wconf 73' lang='lat' dir='ltr'><strong>nota</strong></span> <span class='ocrx_word' id='word_1_495' title='bbox 1297 936 1342 978; x_wconf 82' lang='lat'><strong>(¹)</strong></span> <span class='ocrx_word' id='word_1_496' title='bbox 1358 947 1430 978; x_wconf 86' lang='lat' dir='ltr'><strong>pag.</strong></span> <span class='ocrx_word' id='word_1_497' title='bbox 1451 940 1500 967; x_wconf 88' lang='lat'><strong>17.</strong></span> <span class='ocrx_word' id='word_1_498' title='bbox 1518 935 1695 974; x_wconf 87' lang='lat' dir='ltr'><strong>retulimus)</strong></span> <span class='ocrx_word' id='word_1_499' title='bbox 1711 935 1788 965; x_wconf 89' lang='lat' dir='ltr'><strong>dum</strong></span> <span class='ocrx_word' id='word_1_500' title='bbox 1807 947 1826 966; x_wconf 81' lang='lat' dir='ltr'><strong>e</strong></span> 
     </span>
     <span class='ocr_line' id='line_1_75' title="bbox 994 978 1823 1019; baseline -0.001 -10"><span class='ocrx_word' id='word_1_501' title='bbox 994 985 1100 1009; x_wconf 85' lang='lat' dir='ltr'><strong>contra</strong></span> <span class='ocrx_word' id='word_1_502' title='bbox 1122 979 1243 1019; x_wconf 86' lang='lat' dir='ltr'><strong>aphelia</strong></span> <span class='ocrx_word' id='word_1_503' title='bbox 1267 980 1459 1018; x_wconf 81' lang='lat' dir='ltr'><strong>planetarum</strong></span> <span class='ocrx_word' id='word_1_504' title='bbox 1484 978 1664 1009; x_wconf 85' lang='lat' dir='ltr'><strong>interiorum</strong></span> <span class='ocrx_word' id='word_1_505' title='bbox 1686 988 1741 1016; x_wconf 90' lang='lat' dir='ltr'><strong>per</strong></span> <span class='ocrx_word' id='word_1_506' title='bbox 1762 978 1823 1008; x_wconf 82' lang='lat' dir='ltr'><strong>vim</strong></span> 
     </span>
     <span class='ocr_line' id='line_1_76' title="bbox 994 1020 1824 1094; baseline -0.001 -43"><span class='ocrx_word' id='word_1_507' title='bbox 994 1022 1181 1094; x_wconf 62' lang='lat' dir='ltr'><strong>gxteriorum</strong></span> <span class='ocrx_word' id='word_1_508' title='bbox 1199 1022 1235 1052; x_wconf 82' lang='lat' dir='ltr'><strong>in</strong></span> <span class='ocrx_word' id='word_1_509' title='bbox 1252 1022 1470 1063; x_wconf 67' lang='lat' dir='ltr'><strong>conjunctione</strong></span> <span class='ocrx_word' id='word_1_510' title='bbox 1492 1021 1663 1061; x_wconf 87' lang='lat' dir='ltr'><strong>positorum</strong></span> <span class='ocrx_word' id='word_1_511' title='bbox 1682 1020 1824 1062; x_wconf 83' lang='lat' dir='ltr'><strong>progredi</strong></span> 
     </span>
     <span class='ocr_line' id='line_1_77' title="bbox 1016 1066 1672 1095; baseline 0 -1"><span class='ocrx_word' id='word_1_512' title='bbox 1016 1066 1134 1095; x_wconf 83' lang='lat' dir='ltr'><strong>ebeant.</strong></span> <span class='ocrx_word' id='word_1_513' title='bbox 1669 1075 1672 1078; x_wconf 90' lang='grc'><em>·</em></span> 
     </span>
    </p>

    <p class='ocr_par' dir='ltr' id='par_1_9' title="bbox 991 1104 1825 1613">
     <span class='ocr_line' id='line_1_78' title="bbox 1034 1104 1822 1148; baseline -0.003 -11"><span class='ocrx_word' id='word_1_514' title='bbox 1034 1106 1084 1137; x_wconf 78' lang='lat'><strong>30.</strong></span> <span class='ocrx_word' id='word_1_515' title='bbox 1112 1107 1263 1143; x_wconf 78' lang='lat' dir='ltr'><strong>Queritur</strong></span> <span class='ocrx_word' id='word_1_516' title='bbox 1287 1106 1421 1148; x_wconf 87' lang='lat' dir='ltr'><strong>denique</strong></span> <span class='ocrx_word' id='word_1_517' title='bbox 1442 1106 1526 1147; x_wconf 88' lang='lat' dir='ltr'><strong>quod</strong></span> <span class='ocrx_word' id='word_1_518' title='bbox 1547 1105 1668 1146; x_wconf 88' lang='lat' dir='ltr'><strong>aphelia</strong></span> <span class='ocrx_word' id='word_1_519' title='bbox 1686 1104 1822 1144; x_wconf 83' lang='lat' dir='ltr'><strong>planeta-</strong></span> 
     </span>
     <span class='ocr_line' id='line_1_79' title="bbox 992 1148 1823 1187; baseline -0.001 -8"><span class='ocrx_word' id='word_1_520' title='bbox 992 1159 1065 1179; x_wconf 87' lang='lat' dir='ltr'><strong>rum</strong></span> <span class='ocrx_word' id='word_1_521' title='bbox 1087 1149 1270 1180; x_wconf 81' lang='lat' dir='ltr'><strong>inferiorum</strong></span> <span class='ocrx_word' id='word_1_522' title='bbox 1295 1149 1523 1186; x_wconf 67' lang='lat' dir='ltr'><strong>nuncJetrahi,</strong></span> <span class='ocrx_word' id='word_1_523' title='bbox 1547 1158 1632 1178; x_wconf 88' lang='lat' dir='ltr'><strong>nunc</strong></span> <span class='ocrx_word' id='word_1_524' title='bbox 1652 1148 1823 1187; x_wconf 90' lang='lat' dir='ltr'><strong>promoveri</strong></span> 
     </span>
     <span class='ocr_line' id='line_1_80' title="bbox 992 1190 1825 1232; baseline -0.002 -10"><span class='ocrx_word' id='word_1_525' title='bbox 992 1191 1134 1227; x_wconf 85' lang='lat' dir='ltr'><strong>debeant,</strong></span> <span class='ocrx_word' id='word_1_526' title='bbox 1159 1192 1244 1232; x_wconf 91' lang='lat' dir='ltr'><strong>quod</strong></span> <span class='ocrx_word' id='word_1_527' title='bbox 1268 1198 1374 1223; x_wconf 86' lang='lat' dir='ltr'><strong>tamen</strong></span> <span class='ocrx_word' id='word_1_528' title='bbox 1398 1201 1462 1222; x_wconf 86' lang='lat' dir='ltr'><strong>non</strong></span> <span class='ocrx_word' id='word_1_529' title='bbox 1485 1193 1682 1228; x_wconf 52' lang='lat' dir='ltr'><strong>observatum</strong></span> <span class='ocrx_word' id='word_1_530' title='bbox 1711 1190 1825 1221; x_wconf 84' lang='lat' dir='ltr'><strong>scilieet</strong></span> 
     </span>
     <span class='ocr_line' id='line_1_81' title="bbox 994 1233 1823 1275; baseline -0.001 -11"><span class='ocrx_word' id='word_1_531' title='bbox 994 1234 1167 1265; x_wconf 85' lang='lat' dir='ltr'><strong>Newtonus</strong></span> <span class='ocrx_word' id='word_1_532' title='bbox 1181 1235 1286 1265; x_wconf 82' lang='lat' dir='ltr'><strong>statuit</strong></span> <span class='ocrx_word' id='word_1_533' title='bbox 1296 1234 1422 1275; x_wconf 84' lang='lat' dir='ltr'><strong>quidem</strong></span> <span class='ocrx_word' id='word_1_534' title='bbox 1434 1233 1555 1273; x_wconf 85' lang='lat' dir='ltr'><strong>aphelia</strong></span> <span class='ocrx_word' id='word_1_535' title='bbox 1568 1233 1762 1272; x_wconf 85' lang='lat' dir='ltr'><strong>planetarum</strong></span> <span class='ocrx_word' id='word_1_536' title='bbox 1776 1233 1823 1263; x_wconf 86' lang='lat' dir='ltr'><strong>in-</strong></span> 
     </span>
     <span class='ocr_line' id='line_1_82' title="bbox 992 1273 1825 1317; baseline 0 -11"><span class='ocrx_word' id='word_1_537' title='bbox 992 1273 1141 1307; x_wconf 84' lang='lat' dir='ltr'><strong>feriorum</strong></span> <span class='ocrx_word' id='word_1_538' title='bbox 1165 1277 1198 1306; x_wconf 93' lang='lat' dir='ltr'><strong>in</strong></span> <span class='ocrx_word' id='word_1_539' title='bbox 1221 1277 1352 1317; x_wconf 80' lang='lat' dir='ltr'><strong>syzygiis</strong></span> <span class='ocrx_word' id='word_1_540' title='bbox 1371 1276 1552 1317; x_wconf 80' lang='lat' dir='ltr'><strong>promoveri,</strong></span> <span class='ocrx_word' id='word_1_541' title='bbox 1577 1275 1611 1305; x_wconf 87' lang='lat' dir='ltr'><strong>iu</strong></span> <span class='ocrx_word' id='word_1_542' title='bbox 1632 1275 1825 1315; x_wconf 79' lang='lat' dir='ltr'><strong>quadraturis</strong></span> 
     </span>
     <span class='ocr_line' id='line_1_83' title="bbox 991 1317 1823 1359; baseline -0.002 -10"><span class='ocrx_word' id='word_1_543' title='bbox 991 1318 1146 1354; x_wconf 87' lang='lat' dir='ltr'><strong>retardari,</strong></span> <span class='ocrx_word' id='word_1_544' title='bbox 1171 1319 1243 1358; x_wconf 82' lang='lat' dir='ltr'><strong>plus</strong></span> <span class='ocrx_word' id='word_1_545' title='bbox 1266 1319 1437 1359; x_wconf 86' lang='lat' dir='ltr'><strong>promoveri</strong></span> <span class='ocrx_word' id='word_1_546' title='bbox 1456 1317 1529 1349; x_wconf 73' lang='lat' dir='ltr'><strong>vero</strong></span> <span class='ocrx_word' id='word_1_547' title='bbox 1550 1317 1644 1358; x_wconf 71' lang='lat' dir='ltr'><strong>quam</strong></span> <span class='ocrx_word' id='word_1_548' title='bbox 1668 1317 1823 1355; x_wconf 80' lang='lat' dir='ltr'><strong>retardari,</strong></span> 
     </span>
     <span class='ocr_line' id='line_1_84' title="bbox 992 1360 1824 1403; baseline -0.001 -12"><span class='ocrx_word' id='word_1_549' title='bbox 992 1361 1076 1391; x_wconf 90' lang='lat' dir='ltr'><strong>unde</strong></span> <span class='ocrx_word' id='word_1_550' title='bbox 1090 1361 1124 1391; x_wconf 92' lang='lat' dir='ltr'><strong>in</strong></span> <span class='ocrx_word' id='word_1_551' title='bbox 1138 1367 1240 1391; x_wconf 88' lang='lat' dir='ltr'><strong>totum</strong></span> <span class='ocrx_word' id='word_1_552' title='bbox 1253 1362 1395 1403; x_wconf 83' lang='lat' dir='ltr'><strong>progredi</strong></span> <span class='ocrx_word' id='word_1_553' title='bbox 1411 1361 1572 1398; x_wconf 85' lang='lat' dir='ltr'><strong>videntur;</strong></span> <span class='ocrx_word' id='word_1_554' title='bbox 1592 1360 1706 1399; x_wconf 87' lang='lat' dir='ltr'><strong>aphelii</strong></span> <span class='ocrx_word' id='word_1_555' title='bbox 1719 1367 1824 1390; x_wconf 87' lang='lat' dir='ltr'><strong>autem</strong></span> 
     </span>
     <span class='ocr_line' id='line_1_85' title="bbox 994 1403 1823 1439; baseline -0.001 -6"><span class='ocrx_word' id='word_1_556' title='bbox 994 1413 1031 1433; x_wconf 83' lang='lat' dir='ltr'><strong>ea</strong></span> <span class='ocrx_word' id='word_1_557' title='bbox 1055 1403 1150 1434; x_wconf 83' lang='lat' dir='ltr'><strong>veluti</strong></span> <span class='ocrx_word' id='word_1_558' title='bbox 1172 1404 1294 1434; x_wconf 89' lang='lat' dir='ltr'><strong>libratio</strong></span> <span class='ocrx_word' id='word_1_559' title='bbox 1317 1403 1514 1435; x_wconf 83' lang='lat' dir='ltr'><strong>observabilis</strong></span> <span class='ocrx_word' id='word_1_560' title='bbox 1535 1413 1599 1433; x_wconf 93' lang='lat' dir='ltr'><strong>non</strong></span> <span class='ocrx_word' id='word_1_561' title='bbox 1621 1409 1686 1439; x_wconf 87' lang='lat' dir='ltr'><strong>est;</strong></span> <span class='ocrx_word' id='word_1_562' title='bbox 1708 1403 1823 1432; x_wconf 87' lang='lat' dir='ltr'><strong>etenim</strong></span> 
     </span>
     <span class='ocr_line' id='line_1_86' title="bbox 991 1444 1824 1485; baseline -0.002 -9"><span class='ocrx_word' id='word_1_563' title='bbox 991 1445 1047 1485; x_wconf 90' lang='lat' dir='ltr'><strong>qui</strong></span> <span class='ocrx_word' id='word_1_564' title='bbox 1067 1446 1154 1485; x_wconf 88' lang='lat' dir='ltr'><strong>praxi</strong></span> <span class='ocrx_word' id='word_1_565' title='bbox 1174 1447 1386 1478; x_wconf 71' lang='lat' dir='ltr'><strong>astronomicae</strong></span> <span class='ocrx_word' id='word_1_566' title='bbox 1406 1457 1427 1477; x_wconf 92' lang='lat' dir='ltr'><strong>o</strong></span> <span class='ocrx_word' id='word_1_567' title='bbox 1545 1444 1629 1480; x_wconf 80' lang='lat' dir='ltr'><strong>dant,</strong></span> <span class='ocrx_word' id='word_1_568' title='bbox 1649 1444 1740 1475; x_wconf 78' lang='lat' dir='ltr'><strong>facile</strong></span> <span class='ocrx_word' id='word_1_569' title='bbox 1755 1455 1824 1475; x_wconf 88' lang='lat' dir='ltr'><strong>sen-</strong></span> 
     </span>
     <span class='ocr_line' id='line_1_87' title="bbox 991 1486 1825 1528; baseline -0.001 -10"><span class='ocrx_word' id='word_1_570' title='bbox 991 1488 1075 1518; x_wconf 85' lang='lat' dir='ltr'><strong>tiunt</strong></span> <span class='ocrx_word' id='word_1_571' title='bbox 1097 1488 1165 1519; x_wconf 86' lang='lat' dir='ltr'><strong>loca</strong></span> <span class='ocrx_word' id='word_1_572' title='bbox 1189 1489 1380 1528; x_wconf 82' lang='lat' dir='ltr'><strong>apheliorum</strong></span> <span class='ocrx_word' id='word_1_573' title='bbox 1402 1489 1445 1519; x_wconf 79' lang='lat' dir='ltr'><strong>ita</strong></span> <span class='ocrx_word' id='word_1_574' title='bbox 1467 1498 1532 1518; x_wconf 90' lang='lat' dir='ltr'><strong>non</strong></span> <span class='ocrx_word' id='word_1_575' title='bbox 1556 1486 1763 1523; x_wconf 89' lang='lat' dir='ltr'><strong>determinari,</strong></span> <span class='ocrx_word' id='word_1_576' title='bbox 1788 1493 1825 1518; x_wconf 83' lang='lat' dir='ltr'><strong>ut</strong></span> 
     </span>
     <span class='ocr_line' id='line_1_88' title="bbox 992 1530 1823 1572; baseline -0.002 -12"><span class='ocrx_word' id='word_1_577' title='bbox 992 1530 1112 1560; x_wconf 87' lang='lat' dir='ltr'><strong>nutatio</strong></span> <span class='ocrx_word' id='word_1_578' title='bbox 1126 1531 1239 1570; x_wconf 86' lang='lat' dir='ltr'><strong>aphelii</strong></span> <span class='ocrx_word' id='word_1_579' title='bbox 1252 1531 1286 1561; x_wconf 91' lang='lat' dir='ltr'><strong>in</strong></span> <span class='ocrx_word' id='word_1_580' title='bbox 1300 1531 1432 1572; x_wconf 87' lang='lat' dir='ltr'><strong>singulis</strong></span> <span class='ocrx_word' id='word_1_581' title='bbox 1445 1530 1551 1562; x_wconf 84' lang='lat' dir='ltr'><strong>orbitae</strong></span> <span class='ocrx_word' id='word_1_582' title='bbox 1570 1530 1708 1568; x_wconf 85' lang='lat' dir='ltr'><strong>partibus</strong></span> <span class='ocrx_word' id='word_1_583' title='bbox 1721 1531 1823 1559; x_wconf 88' lang='lat' dir='ltr'><strong>ohser-</strong></span> 
     </span>
     <span class='ocr_line' id='line_1_89' title="bbox 992 1571 1823 1613; baseline -0.001 -11"><span class='ocrx_word' id='word_1_584' title='bbox 992 1572 1113 1603; x_wconf 88' lang='lat' dir='ltr'><strong>vatione</strong></span> <span class='ocrx_word' id='word_1_585' title='bbox 1127 1573 1320 1611; x_wconf 79' lang='lat' dir='ltr'><strong>obtineatur3</strong></span> <span class='ocrx_word' id='word_1_586' title='bbox 1337 1574 1401 1604; x_wconf 90' lang='lat' dir='ltr'><strong>imo</strong></span> <span class='ocrx_word' id='word_1_587' title='bbox 1415 1579 1484 1613; x_wconf 90' lang='lat' dir='ltr'><strong>post</strong></span> <span class='ocrx_word' id='word_1_588' title='bbox 1497 1572 1601 1611; x_wconf 89' lang='lat' dir='ltr'><strong>plures</strong></span> <span class='ocrx_word' id='word_1_589' title='bbox 1612 1571 1761 1601; x_wconf 85' lang='lat' dir='ltr'><strong>duntaxat</strong></span> <span class='ocrx_word' id='word_1_590' title='bbox 1774 1581 1823 1601; x_wconf 86' lang='lat' dir='ltr'><strong>re-</strong></span> 
     </span>
    </p>
   </div>
   <div class='ocr_carea' id='block_1_6' title="bbox 983 1612 1823 1655">
    <p class='ocr_par' dir='ltr' id='par_1_10' title="bbox 983 1612 1823 1655">
     <span class='ocr_line' id='line_1_90' title="bbox 983 1612 1823 1655; baseline -0.004 -10"><span class='ocrx_word' id='word_1_591' title='bbox 983 1614 1164 1645; x_wconf 83' lang='lat' dir='ltr'><strong>·&#39;volutiones</strong></span> <span class='ocrx_word' id='word_1_592' title='bbox 1177 1615 1250 1646; x_wconf 75' lang='lat' dir='ltr'><strong>satis</strong></span> <span class='ocrx_word' id='word_1_593' title='bbox 1263 1615 1333 1647; x_wconf 70' lang='lat' dir='ltr'><strong>tuto</strong></span> <span class='ocrx_word' id='word_1_594' title='bbox 1347 1616 1460 1655; x_wconf 86' lang='lat' dir='ltr'><strong>aphelii</strong></span> <span class='ocrx_word' id='word_1_595' title='bbox 1475 1623 1669 1654; x_wconf 86' lang='lat' dir='ltr'><strong>progressum</strong></span> <span class='ocrx_word' id='word_1_596' title='bbox 1683 1612 1823 1650; x_wconf 85' lang='lat' dir='ltr'><strong>inveniri,</strong></span> 
     </span>
    </p>
   </div>
   <div class='ocr_carea' id='block_1_7' title="bbox 988 1654 1826 3096">
    <p class='ocr_par' dir='ltr' id='par_1_11' title="bbox 990 1654 1826 1866">
     <span class='ocr_line' id='line_1_91' title="bbox 991 1654 1824 1696; baseline -0.004 -9"><span class='ocrx_word' id='word_1_597' title='bbox 991 1657 1067 1696; x_wconf 80' lang='lat' dir='ltr'><strong>ipsae</strong></span> <span class='ocrx_word' id='word_1_598' title='bbox 1086 1658 1225 1688; x_wconf 89' lang='lat' dir='ltr'><strong>methodi</strong></span> <span class='ocrx_word' id='word_1_599' title='bbox 1239 1657 1279 1688; x_wconf 84' lang='lat' dir='ltr'><strong>ad</strong></span> <span class='ocrx_word' id='word_1_600' title='bbox 1293 1668 1345 1688; x_wconf 83' lang='lat' dir='ltr'><strong>eas</strong></span> <span class='ocrx_word' id='word_1_601' title='bbox 1358 1657 1582 1689; x_wconf 69' lang='lat' dir='ltr'><strong>observationes</strong></span> <span class='ocrx_word' id='word_1_602' title='bbox 1602 1654 1746 1686; x_wconf 83' lang='lat' dir='ltr'><strong>adhibitae</strong></span> <span class='ocrx_word' id='word_1_603' title='bbox 1768 1655 1824 1685; x_wconf 92' lang='lat' dir='ltr'><strong>do-</strong></span> 
     </span>
     <span class='ocr_line' id='line_1_92' title="bbox 991 1696 1826 1738; baseline -0.004 -9"><span class='ocrx_word' id='word_1_604' title='bbox 991 1705 1083 1737; x_wconf 89' lang='lat' dir='ltr'><strong>cent;</strong></span> <span class='ocrx_word' id='word_1_605' title='bbox 1105 1699 1188 1737; x_wconf 85' lang='lat' dir='ltr'><strong>hinc,</strong></span> <span class='ocrx_word' id='word_1_606' title='bbox 1203 1699 1244 1730; x_wconf 90' lang='lat' dir='ltr'><strong>ad</strong></span> <span class='ocrx_word' id='word_1_607' title='bbox 1258 1701 1484 1731; x_wconf 67' lang='lat' dir='ltr'><strong>observationes</strong></span> <span class='ocrx_word' id='word_1_608' title='bbox 1497 1707 1661 1738; x_wconf 83' lang='lat' dir='ltr'><strong>provocare</strong></span> <span class='ocrx_word' id='word_1_609' title='bbox 1675 1707 1738 1727; x_wconf 90' lang='lat' dir='ltr'><strong>non</strong></span> <span class='ocrx_word' id='word_1_610' title='bbox 1753 1696 1826 1727; x_wconf 87' lang='lat' dir='ltr'><strong>licet</strong></span> 
     </span>
     <span class='ocr_line' id='line_1_93' title="bbox 990 1739 1826 1773; baseline -0.004 -1"><span class='ocrx_word' id='word_1_611' title='bbox 990 1748 1028 1772; x_wconf 88' lang='lat' dir='ltr'><strong>ut</strong></span> <span class='ocrx_word' id='word_1_612' title='bbox 1047 1741 1135 1773; x_wconf 88' lang='lat' dir='ltr'><strong>illam</strong></span> <span class='ocrx_word' id='word_1_613' title='bbox 1155 1742 1347 1773; x_wconf 86' lang='lat' dir='ltr'><strong>nutationem</strong></span> <span class='ocrx_word' id='word_1_614' title='bbox 1362 1743 1412 1773; x_wconf 86' lang='lat' dir='ltr'><strong>vel</strong></span> <span class='ocrx_word' id='word_1_615' title='bbox 1426 1751 1529 1772; x_wconf 82' lang='lat' dir='ltr'><strong>veram</strong></span> <span class='ocrx_word' id='word_1_616' title='bbox 1543 1739 1592 1770; x_wconf 84' lang='lat' dir='ltr'><strong>vel</strong></span> <span class='ocrx_word' id='word_1_617' title='bbox 1607 1739 1746 1770; x_wconf 70' lang='lat' dir='ltr'><strong>fictitiam</strong></span> <span class='ocrx_word' id='word_1_618' title='bbox 1759 1749 1826 1770; x_wconf 68' lang='lat' dir='ltr'><strong>esse</strong></span> 
     </span>
     <span class='ocr_line' id='line_1_94' title="bbox 990 1780 1824 1825; baseline -0.006 -10"><span class='ocrx_word' id='word_1_619' title='bbox 990 1786 1144 1824; x_wconf 80' lang='lat' dir='ltr'><strong>probetur,</strong></span> <span class='ocrx_word' id='word_1_620' title='bbox 1164 1784 1316 1825; x_wconf 85' lang='lat' dir='ltr'><strong>siquidem</strong></span> <span class='ocrx_word' id='word_1_621' title='bbox 1334 1784 1558 1815; x_wconf 86' lang='lat' dir='ltr'><strong>observationes</strong></span> <span class='ocrx_word' id='word_1_622' title='bbox 1571 1780 1630 1812; x_wconf 69' lang='lat' dir='ltr'><strong>hac</strong></span> <span class='ocrx_word' id='word_1_623' title='bbox 1643 1781 1684 1812; x_wconf 87' lang='lat' dir='ltr'><strong>de</strong></span> <span class='ocrx_word' id='word_1_624' title='bbox 1698 1791 1732 1811; x_wconf 82' lang='lat' dir='ltr'><strong>re</strong></span> <span class='ocrx_word' id='word_1_625' title='bbox 1745 1781 1824 1811; x_wconf 86' lang='lat' dir='ltr'><strong>nihil</strong></span> 
     </span>
     <span class='ocr_line' id='line_1_95' title="bbox 990 1826 1321 1866; baseline 0 -9"><span class='ocrx_word' id='word_1_626' title='bbox 990 1826 1099 1857; x_wconf 86' lang='lat' dir='ltr'><strong>docere</strong></span> <span class='ocrx_word' id='word_1_627' title='bbox 1113 1836 1170 1858; x_wconf 87' lang='lat' dir='ltr'><strong>nos</strong></span> <span class='ocrx_word' id='word_1_628' title='bbox 1183 1834 1321 1866; x_wconf 85' lang='lat' dir='ltr'><strong>possunt.</strong></span> 
     </span>
    </p>

    <p class='ocr_par' dir='ltr' id='par_1_12' title="bbox 988 1868 1824 2706">
     <span class='ocr_line' id='line_1_96' title="bbox 1036 1868 1824 1907; baseline -0.005 -7"><span class='ocrx_word' id='word_1_629' title='bbox 1036 1869 1136 1900; x_wconf 85' lang='lat' dir='ltr'><strong>Addit</strong></span> <span class='ocrx_word' id='word_1_630' title='bbox 1163 1868 1246 1906; x_wconf 72' lang='lat' dir='ltr'><strong>vero,</strong></span> <span class='ocrx_word' id='word_1_631' title='bbox 1281 1871 1383 1901; x_wconf 69' lang='lat' dir='ltr'><strong>Tellus</strong></span> <span class='ocrx_word' id='word_1_632' title='bbox 1411 1871 1464 1901; x_wconf 78' lang='lat' dir='ltr'><strong>abi</strong></span> <span class='ocrx_word' id='word_1_633' title='bbox 1487 1870 1523 1900; x_wconf 76' lang='lat' dir='ltr'><strong>in</strong></span> <span class='ocrx_word' id='word_1_634' title='bbox 1547 1868 1660 1907; x_wconf 73' lang='lat' dir='ltr'><strong>aphelio</strong></span> <span class='ocrx_word' id='word_1_635' title='bbox 1685 1872 1824 1898; x_wconf 78' lang='lat' dir='ltr'><strong>versatur</strong></span> 
     </span>
     <span class='ocr_line' id='line_1_97' title="bbox 990 1911 1823 1953; baseline -0.007 -9"><span class='ocrx_word' id='word_1_636' title='bbox 990 1913 1154 1953; x_wconf 82' lang='lat' dir='ltr'><strong>Jovemque</strong></span> <span class='ocrx_word' id='word_1_637' title='bbox 1166 1918 1302 1952; x_wconf 73' lang='lat' dir='ltr'><strong>respecm</strong></span> <span class='ocrx_word' id='word_1_638' title='bbox 1314 1914 1431 1943; x_wconf 74' lang='lat' dir='ltr'><strong>zodiaci</strong></span> <span class='ocrx_word' id='word_1_639' title='bbox 1440 1912 1594 1952; x_wconf 66' lang='lat' dir='ltr'><strong>1naeoed12,</strong></span> <span class='ocrx_word' id='word_1_640' title='bbox 1609 1911 1823 1946; x_wconf 68' lang='lat' dir='ltr'><strong>retraheretur,</strong></span> 
     </span>
     <span class='ocr_line' id='line_1_98' title="bbox 989 1953 1824 1995; baseline -0.006 -10"><span class='ocrx_word' id='word_1_641' title='bbox 989 1960 1019 1985; x_wconf 75' lang='lat' dir='ltr'><strong>et</strong></span> <span class='ocrx_word' id='word_1_642' title='bbox 1031 1961 1136 1986; x_wconf 76' lang='lat' dir='ltr'><strong>contra</strong></span> <span class='ocrx_word' id='word_1_643' title='bbox 1146 1961 1374 1995; x_wconf 78' lang='lat' dir='ltr'><strong>promoveretur</strong></span> <span class='ocrx_word' id='word_1_644' title='bbox 1383 1956 1436 1986; x_wconf 77' lang='lat' dir='ltr'><strong>ubi</strong></span> <span class='ocrx_word' id='word_1_645' title='bbox 1446 1955 1567 1993; x_wconf 76' lang='lat' dir='ltr'><strong>Jupiter</strong></span> <span class='ocrx_word' id='word_1_646' title='bbox 1583 1953 1735 1983; x_wconf 73' lang='lat' dir='ltr'><strong>Tellurem</strong></span> <span class='ocrx_word' id='word_1_647' title='bbox 1739 1961 1824 1990; x_wconf 80' lang='lat' dir='ltr'><strong>prae-</strong></span> 
     </span>
     <span class='ocr_line' id='line_1_99' title="bbox 989 1993 1823 2037; baseline -0.008 -8"><span class='ocrx_word' id='word_1_648' title='bbox 989 1999 1112 2034; x_wconf 80' lang='lat' dir='ltr'><strong>cederet,</strong></span> <span class='ocrx_word' id='word_1_649' title='bbox 1135 1999 1219 2029; x_wconf 81' lang='lat' dir='ltr'><strong>uude</strong></span> <span class='ocrx_word' id='word_1_650' title='bbox 1235 1999 1368 2037; x_wconf 73' lang='lat' dir='ltr'><strong>gravitas</strong></span> <span class='ocrx_word' id='word_1_651' title='bbox 1388 1997 1551 2029; x_wconf 76' lang='lat' dir='ltr'><strong>contrarios</strong></span> <span class='ocrx_word' id='word_1_652' title='bbox 1571 1993 1694 2034; x_wconf 50' lang='lat' dir='ltr'><strong>effectus</strong></span> <span class='ocrx_word' id='word_1_653' title='bbox 1708 1994 1823 2032; x_wconf 68' lang='lat' dir='ltr'><strong>modu·</strong></span> 
     </span>
     <span class='ocr_line' id='line_1_100' title="bbox 990 2036 1824 2080; baseline -0.006 -10"><span class='ocrx_word' id='word_1_654' title='bbox 990 2046 1068 2071; x_wconf 73' lang='lat' dir='ltr'><strong>ceree</strong></span> <span class='ocrx_word' id='word_1_655' title='bbox 1095 2046 1167 2071; x_wconf 77' lang='lat' dir='ltr'><strong>ante</strong></span> <span class='ocrx_word' id='word_1_656' title='bbox 1194 2046 1224 2071; x_wconf 74' lang='lat' dir='ltr'><strong>et</strong></span> <span class='ocrx_word' id='word_1_657' title='bbox 1257 2046 1323 2079; x_wconf 75' lang='lat' dir='ltr'><strong>post</strong></span> <span class='ocrx_word' id='word_1_658' title='bbox 1351 2040 1596 2080; x_wconf 70' lang='lat' dir='ltr'><strong>conjunctimem</strong></span> <span class='ocrx_word' id='word_1_659' title='bbox 1630 2036 1761 2066; x_wconf 78' lang='lat' dir='ltr'><strong>Telluris</strong></span> <span class='ocrx_word' id='word_1_660' title='bbox 1794 2040 1824 2065; x_wconf 67' lang='lat' dir='ltr'><strong>d</strong></span> 
     </span>
     <span class='ocr_line' id='line_1_101' title="bbox 989 2075 1824 2121; baseline -0.01 -8"><span class='ocrx_word' id='word_1_661' title='bbox 989 2083 1091 2118; x_wconf 76' lang='lat' dir='ltr'><strong>Jov1‘s;</strong></span> <span class='ocrx_word' id='word_1_662' title='bbox 1114 2082 1140 2112; x_wconf 84' lang='lat' dir='ltr'><strong>si</strong></span> <span class='ocrx_word' id='word_1_663' title='bbox 1159 2082 1194 2112; x_wconf 89' lang='lat' dir='ltr'><strong>in</strong></span> <span class='ocrx_word' id='word_1_664' title='bbox 1214 2082 1273 2112; x_wconf 92' lang='lat' dir='ltr'><strong>hoc</strong></span> <span class='ocrx_word' id='word_1_665' title='bbox 1294 2082 1437 2121; x_wconf 85' lang='lat' dir='ltr'><strong>exemplo</strong></span> <span class='ocrx_word' id='word_1_666' title='bbox 1458 2086 1568 2120; x_wconf 85' lang='lat' dir='ltr'><strong>agatur</strong></span> <span class='ocrx_word' id='word_1_667' title='bbox 1585 2078 1625 2108; x_wconf 89' lang='lat' dir='ltr'><strong>de</strong></span> <span class='ocrx_word' id='word_1_668' title='bbox 1644 2083 1732 2107; x_wconf 88' lang='lat' dir='ltr'><strong>motu</strong></span> <span class='ocrx_word' id='word_1_669' title='bbox 1749 2075 1824 2107; x_wconf 82' lang='lat' dir='ltr'><strong>Tel.</strong></span> 
     </span>
     <span class='ocr_line' id='line_1_102' title="bbox 990 2118 1823 2165; baseline -0.006 -12"><span class='ocrx_word' id='word_1_670' title='bbox 990 2123 1066 2154; x_wconf 82' lang='lat' dir='ltr'><strong>luris</strong></span> <span class='ocrx_word' id='word_1_671' title='bbox 1086 2124 1120 2154; x_wconf 89' lang='lat' dir='ltr'><strong>in</strong></span> <span class='ocrx_word' id='word_1_672' title='bbox 1142 2124 1284 2165; x_wconf 83' lang='lat' dir='ltr'><strong>longum,</strong></span> <span class='ocrx_word' id='word_1_673' title='bbox 1302 2125 1369 2155; x_wconf 78' lang='lat' dir='ltr'><strong>haec</strong></span> <span class='ocrx_word' id='word_1_674' title='bbox 1390 2120 1494 2153; x_wconf 85' lang='lat' dir='ltr'><strong>revera</strong></span> <span class='ocrx_word' id='word_1_675' title='bbox 1508 2122 1611 2151; x_wconf 89' lang='lat' dir='ltr'><strong>fluunt</strong></span> <span class='ocrx_word' id='word_1_676' title='bbox 1631 2129 1669 2150; x_wconf 87' lang='lat' dir='ltr'><strong>ex</strong></span> <span class='ocrx_word' id='word_1_677' title='bbox 1691 2118 1823 2159; x_wconf 79' lang='lat' dir='ltr'><strong>gravita-</strong></span> 
     </span>
     <span class='ocr_line' id='line_1_103' title="bbox 989 2160 1823 2206; baseline -0.008 -9"><span class='ocrx_word' id='word_1_678' title='bbox 989 2166 1082 2196; x_wconf 81' lang='lat' dir='ltr'><strong>tionis</strong></span> <span class='ocrx_word' id='word_1_679' title='bbox 1096 2172 1267 2206; x_wconf 81' lang='lat' dir='ltr'><strong>systemate,</strong></span> <span class='ocrx_word' id='word_1_680' title='bbox 1279 2172 1311 2197; x_wconf 85' lang='lat' dir='ltr'><strong>et</strong></span> <span class='ocrx_word' id='word_1_681' title='bbox 1320 2165 1425 2197; x_wconf 68' lang='lat' dir='ltr'><strong>revera</strong></span> <span class='ocrx_word' id='word_1_682' title='bbox 1438 2165 1472 2194; x_wconf 88' lang='lat' dir='ltr'><strong>in</strong></span> <span class='ocrx_word' id='word_1_683' title='bbox 1485 2162 1579 2194; x_wconf 66' lang='lat' dir='ltr'><strong>Luna</strong></span> <span class='ocrx_word' id='word_1_684' title='bbox 1592 2162 1665 2192; x_wconf 88' lang='lat' dir='ltr'><strong>inde</strong></span> <span class='ocrx_word' id='word_1_685' title='bbox 1679 2160 1823 2200; x_wconf 86' lang='lat' dir='ltr'><strong>produci-</strong></span> 
     </span>
     <span class='ocr_line' id='line_1_104' title="bbox 989 2204 1822 2249; baseline -0.007 -11"><span class='ocrx_word' id='word_1_686' title='bbox 989 2214 1041 2238; x_wconf 89' lang='lat' dir='ltr'><strong>tur</strong></span> <span class='ocrx_word' id='word_1_687' title='bbox 1059 2219 1096 2239; x_wconf 88' lang='lat' dir='ltr'><strong>ea</strong></span> <span class='ocrx_word' id='word_1_688' title='bbox 1117 2208 1308 2249; x_wconf 67' lang='lat' dir='ltr'><strong>inaequalitas</strong></span> <span class='ocrx_word' id='word_1_689' title='bbox 1322 2219 1392 2249; x_wconf 86' lang='lat' dir='ltr'><strong>quae</strong></span> <span class='ocrx_word' id='word_1_690' title='bbox 1406 2209 1530 2239; x_wconf 78' lang='lat' dir='ltr'><strong>variatio</strong></span> <span class='ocrx_word' id='word_1_691' title='bbox 1546 2204 1668 2242; x_wconf 77' lang='lat' dir='ltr'><strong>dicitur,</strong></span> <span class='ocrx_word' id='word_1_692' title='bbox 1683 2209 1822 2234; x_wconf 81' lang='lat' dir='ltr'><strong>astrono-</strong></span> 
     </span>
     <span class='ocr_line' id='line_1_105' title="bbox 989 2244 1822 2288; baseline -0.006 -8"><span class='ocrx_word' id='word_1_693' title='bbox 989 2250 1049 2280; x_wconf 87' lang='lat' dir='ltr'><strong>mis</strong></span> <span class='ocrx_word' id='word_1_694' title='bbox 1070 2251 1247 2287; x_wconf 85' lang='lat' dir='ltr'><strong>notissima;</strong></span> <span class='ocrx_word' id='word_1_695' title='bbox 1270 2250 1404 2280; x_wconf 85' lang='lat' dir='ltr'><strong>similem</strong></span> <span class='ocrx_word' id='word_1_696' title='bbox 1420 2248 1660 2288; x_wconf 60' lang='lat' dir='ltr'><strong>inaequalitatem</strong></span> <span class='ocrx_word' id='word_1_697' title='bbox 1674 2246 1707 2276; x_wconf 88' lang='lat' dir='ltr'><strong>iu</strong></span> <span class='ocrx_word' id='word_1_698' title='bbox 1724 2244 1822 2276; x_wconf 70' lang='lat' dir='ltr'><strong>Terra</strong></span> 
     </span>
     <span class='ocr_line' id='line_1_106' title="bbox 989 2287 1822 2333; baseline -0.006 -11"><span class='ocrx_word' id='word_1_699' title='bbox 989 2296 1054 2322; x_wconf 82' lang='lat' dir='ltr'><strong>non·</strong></span> <span class='ocrx_word' id='word_1_700' title='bbox 1067 2292 1194 2333; x_wconf 85' lang='lat' dir='ltr'><strong>quidem</strong></span> <span class='ocrx_word' id='word_1_701' title='bbox 1207 2294 1406 2323; x_wconf 83' lang='lat' dir='ltr'><strong>observarunt</strong></span> <span class='ocrx_word' id='word_1_702' title='bbox 1419 2290 1586 2322; x_wconf 81' lang='lat' dir='ltr'><strong>astronomi</strong></span> <span class='ocrx_word' id='word_1_703' title='bbox 1604 2289 1678 2330; x_wconf 86' lang='lat' dir='ltr'><strong>quia</strong></span> <span class='ocrx_word' id='word_1_704' title='bbox 1691 2287 1822 2318; x_wconf 82' lang='lat' dir='ltr'><strong>minima</strong></span> 
     </span>
     <span class='ocr_line' id='line_1_107' title="bbox 990 2332 1821 2375; baseline -0.005 -11"><span class='ocrx_word' id='word_1_705' title='bbox 990 2345 1055 2365; x_wconf 85' lang='lat' dir='ltr'><strong>esse</strong></span> <span class='ocrx_word' id='word_1_706' title='bbox 1077 2335 1168 2366; x_wconf 88' lang='lat' dir='ltr'><strong>debet</strong></span> <span class='ocrx_word' id='word_1_707' title='bbox 1190 2345 1245 2374; x_wconf 87' lang='lat' dir='ltr'><strong>per</strong></span> <span class='ocrx_word' id='word_1_708' title='bbox 1264 2334 1362 2373; x_wconf 84' lang='lat' dir='ltr'><strong>ipsam</strong></span> <span class='ocrx_word' id='word_1_709' title='bbox 1388 2332 1597 2375; x_wconf 82' lang='lat' dir='ltr'><strong>gravitationis</strong></span> <span class='ocrx_word' id='word_1_710' title='bbox 1615 2337 1768 2366; x_wconf 83' lang='lat' dir='ltr'><strong>naturam,</strong></span> <span class='ocrx_word' id='word_1_711' title='bbox 1789 2336 1821 2360; x_wconf 89' lang='lat' dir='ltr'><strong>et</strong></span> 
     </span>
     <span class='ocr_line' id='line_1_108' title="bbox 990 2372 1820 2417; baseline -0.007 -9"><span class='ocrx_word' id='word_1_712' title='bbox 990 2376 1063 2407; x_wconf 73' lang='lat' dir='ltr'><strong>curn</strong></span> <span class='ocrx_word' id='word_1_713' title='bbox 1083 2388 1148 2408; x_wconf 72' lang='lat' dir='ltr'><strong>sese</strong></span> <span class='ocrx_word' id='word_1_714' title='bbox 1166 2377 1312 2417; x_wconf 83' lang='lat' dir='ltr'><strong>utrinque</strong></span> <span class='ocrx_word' id='word_1_715' title='bbox 1325 2381 1511 2416; x_wconf 85' lang='lat' dir='ltr'><strong>compenset,</strong></span> <span class='ocrx_word' id='word_1_716' title='bbox 1526 2374 1649 2405; x_wconf 89' lang='lat' dir='ltr'><strong>nullum</strong></span> <span class='ocrx_word' id='word_1_717' title='bbox 1664 2373 1713 2403; x_wconf 85' lang='lat' dir='ltr'><strong>sui</strong></span> <span class='ocrx_word' id='word_1_718' title='bbox 1726 2372 1820 2404; x_wconf 74' lang='lat' dir='ltr'><strong>relin-</strong></span> 
     </span>
     <span class='ocr_line' id='line_1_109' title="bbox 989 2415 1820 2460; baseline -0.008 -9"><span class='ocrx_word' id='word_1_719' title='bbox 989 2419 1058 2460; x_wconf 86' lang='lat' dir='ltr'><strong>quit</strong></span> <span class='ocrx_word' id='word_1_720' title='bbox 1071 2420 1255 2460; x_wconf 86' lang='lat' dir='ltr'><strong>vestigium;</strong></span> <span class='ocrx_word' id='word_1_721' title='bbox 1271 2419 1355 2459; x_wconf 90' lang='lat' dir='ltr'><strong>quod</strong></span> <span class='ocrx_word' id='word_1_722' title='bbox 1369 2418 1395 2449; x_wconf 86' lang='lat' dir='ltr'><strong>si</strong></span> <span class='ocrx_word' id='word_1_723' title='bbox 1408 2419 1442 2449; x_wconf 90' lang='lat' dir='ltr'><strong>in</strong></span> <span class='ocrx_word' id='word_1_724' title='bbox 1455 2419 1515 2448; x_wconf 89' lang='lat' dir='ltr'><strong>hoc</strong></span> <span class='ocrx_word' id='word_1_725' title='bbox 1530 2416 1670 2455; x_wconf 86' lang='lat' dir='ltr'><strong>exemplo</strong></span> <span class='ocrx_word' id='word_1_726' title='bbox 1684 2415 1724 2446; x_wconf 88' lang='lat' dir='ltr'><strong>de</strong></span> <span class='ocrx_word' id='word_1_727' title='bbox 1731 2419 1820 2444; x_wconf 81' lang='lat' dir='ltr'><strong>motu</strong></span> 
     </span>
     <span class='ocr_line' id='line_1_110' title="bbox 989 2457 1821 2503; baseline -0.01 -10"><span class='ocrx_word' id='word_1_728' title='bbox 989 2462 1104 2502; x_wconf 83' lang='lat' dir='ltr'><strong>aphelii</strong></span> <span class='ocrx_word' id='word_1_729' title='bbox 1128 2463 1231 2493; x_wconf 84' lang='lat' dir='ltr'><strong>Terrae</strong></span> <span class='ocrx_word' id='word_1_730' title='bbox 1252 2467 1363 2503; x_wconf 85' lang='lat' dir='ltr'><strong>agatur</strong></span> <span class='ocrx_word' id='word_1_731' title='bbox 1383 2467 1420 2491; x_wconf 89' lang='lat' dir='ltr'><strong>ut</strong></span> <span class='ocrx_word' id='word_1_732' title='bbox 1440 2470 1480 2490; x_wconf 86' lang='lat' dir='ltr'><strong>ex</strong></span> <span class='ocrx_word' id='word_1_733' title='bbox 1499 2458 1648 2490; x_wconf 84' lang='lat' dir='ltr'><strong>sermonis</strong></span> <span class='ocrx_word' id='word_1_734' title='bbox 1660 2457 1738 2488; x_wconf 82' lang='lat' dir='ltr'><strong>serie</strong></span> <span class='ocrx_word' id='word_1_735' title='bbox 1751 2457 1821 2496; x_wconf 80' lang='lat' dir='ltr'><strong>quis</strong></span> 
     </span>
     <span class='ocr_line' id='line_1_111' title="bbox 988 2498 1818 2544; baseline -0.01 -8"><span class='ocrx_word' id='word_1_736' title='bbox 988 2504 1067 2536; x_wconf 78' lang='lat' dir='ltr'><strong>forte</strong></span> <span class='ocrx_word' id='word_1_737' title='bbox 1080 2505 1292 2544; x_wconf 81' lang='lat' dir='ltr'><strong>suspicaretur,</strong></span> <span class='ocrx_word' id='word_1_738' title='bbox 1308 2514 1357 2535; x_wconf 70' lang='lat' dir='ltr'><strong>res</strong></span> <span class='ocrx_word' id='word_1_739' title='bbox 1370 2503 1435 2534; x_wconf 85' lang='lat' dir='ltr'><strong>fieri</strong></span> <span class='ocrx_word' id='word_1_740' title='bbox 1449 2512 1512 2533; x_wconf 91' lang='lat' dir='ltr'><strong>non</strong></span> <span class='ocrx_word' id='word_1_741' title='bbox 1521 2501 1611 2533; x_wconf 88' lang='lat' dir='ltr'><strong>debet</strong></span> <span class='ocrx_word' id='word_1_742' title='bbox 1626 2506 1661 2531; x_wconf 91' lang='lat' dir='ltr'><strong>ut</strong></span> <span class='ocrx_word' id='word_1_743' title='bbox 1674 2499 1725 2530; x_wconf 86' lang='lat' dir='ltr'><strong>hic</strong></span> <span class='ocrx_word' id='word_1_744' title='bbox 1738 2498 1818 2529; x_wconf 84' lang='lat' dir='ltr'><strong>indi·</strong></span> 
     </span>
     <span class='ocr_line' id='line_1_112' title="bbox 989 2540 1821 2587; baseline -0.01 -8"><span class='ocrx_word' id='word_1_745' title='bbox 989 2554 1086 2584; x_wconf 80' lang='lat' dir='ltr'><strong>catur,</strong></span> <span class='ocrx_word' id='word_1_746' title='bbox 1110 2557 1183 2578; x_wconf 86' lang='lat' dir='ltr'><strong>nam</strong></span> <span class='ocrx_word' id='word_1_747' title='bbox 1208 2546 1242 2576; x_wconf 90' lang='lat' dir='ltr'><strong>in</strong></span> <span class='ocrx_word' id='word_1_748' title='bbox 1264 2552 1329 2578; x_wconf 82' lang='lat' dir='ltr'><strong>tota</strong></span> <span class='ocrx_word' id='word_1_749' title='bbox 1350 2545 1474 2587; x_wconf 84' lang='lat' dir='ltr'><strong>syzygia</strong></span> <span class='ocrx_word' id='word_1_750' title='bbox 1501 2543 1659 2583; x_wconf 79' lang='lat' dir='ltr'><strong>aphelium</strong></span> <span class='ocrx_word' id='word_1_751' title='bbox 1685 2540 1821 2572; x_wconf 73' lang='lat' dir='ltr'><strong>Telluris</strong></span> 
     </span>
     <span class='ocr_line' id='line_1_113' title="bbox 988 2586 1819 2630; baseline -0.01 -9"><span class='ocrx_word' id='word_1_752' title='bbox 988 2590 1131 2630; x_wconf 75' lang='lat' dir='ltr'><strong>progredi</strong></span> <span class='ocrx_word' id='word_1_753' title='bbox 1155 2589 1275 2625; x_wconf 81' lang='lat' dir='ltr'><strong>debere,</strong></span> <span class='ocrx_word' id='word_1_754' title='bbox 1300 2596 1331 2619; x_wconf 89' lang='lat' dir='ltr'><strong>et</strong></span> <span class='ocrx_word' id='word_1_755' title='bbox 1352 2589 1386 2619; x_wconf 88' lang='lat' dir='ltr'><strong>in</strong></span> <span class='ocrx_word' id='word_1_756' title='bbox 1404 2586 1591 2628; x_wconf 69' lang='lat' dir='ltr'><strong>quadratura</strong></span> <span class='ocrx_word' id='word_1_757' title='bbox 1609 2586 1759 2616; x_wconf 76' lang='lat' dir='ltr'><strong>duntaxat</strong></span> <span class='ocrx_word' id='word_1_758' title='bbox 1772 2593 1819 2614; x_wconf 45' lang='lat' dir='ltr'><strong>rt*</strong></span> 
     </span>
     <span class='ocr_line' id='line_1_114' title="bbox 989 2625 1820 2674; baseline -0.011 -10"><span class='ocrx_word' id='word_1_759' title='bbox 989 2632 1085 2673; x_wconf 80' lang='lat' dir='ltr'><strong>gredi,</strong></span> <span class='ocrx_word' id='word_1_760' title='bbox 1101 2632 1198 2674; x_wconf 86' lang='lat' dir='ltr'><strong>liquet</strong></span> <span class='ocrx_word' id='word_1_761' title='bbox 1211 2641 1266 2671; x_wconf 87' lang='lat' dir='ltr'><strong>per</strong></span> <span class='ocrx_word' id='word_1_762' title='bbox 1282 2631 1376 2671; x_wconf 86' lang='lat' dir='ltr'><strong>Prop.</strong></span> <span class='ocrx_word' id='word_1_763' title='bbox 1393 2630 1503 2661; x_wconf 87' lang='lat' dir='ltr'><strong>XLV.</strong></span> <span class='ocrx_word' id='word_1_764' title='bbox 1521 2635 1554 2660; x_wconf 88' lang='lat' dir='ltr'><strong>et</strong></span> <span class='ocrx_word' id='word_1_765' title='bbox 1570 2627 1699 2659; x_wconf 88' lang='lat' dir='ltr'><strong>XLVI.</strong></span> <span class='ocrx_word' id='word_1_766' title='bbox 1721 2625 1820 2657; x_wconf 87' lang='lat' dir='ltr'><strong>Primi</strong></span> 
     </span>
     <span class='ocr_line' id='line_1_115' title="bbox 991 2675 1089 2706; baseline 0 0"><span class='ocrx_word' id='word_1_767' title='bbox 991 2675 1089 2706; x_wconf 90' lang='lat' dir='ltr'><strong>Libri.</strong></span> 
     </span>
    </p>

    <p class='ocr_par' dir='ltr' id='par_1_13' title="bbox 989 2713 1822 3096">
     <span class='ocr_line' id='line_1_116' title="bbox 1035 2713 1819 2758; baseline -0.009 -9"><span class='ocrx_word' id='word_1_768' title='bbox 1035 2719 1123 2754; x_wconf 77' lang='lat' dir='ltr'><strong>Quas</strong></span> <span class='ocrx_word' id='word_1_769' title='bbox 1150 2716 1277 2758; x_wconf 89' lang='lat' dir='ltr'><strong>quidem</strong></span> <span class='ocrx_word' id='word_1_770' title='bbox 1309 2715 1522 2748; x_wconf 83' lang='lat' dir='ltr'><strong>adnotationes</strong></span> <span class='ocrx_word' id='word_1_771' title='bbox 1557 2713 1595 2744; x_wconf 68' lang='lat' dir='ltr'><strong>ea</strong></span> <span class='ocrx_word' id='word_1_772' title='bbox 1623 2717 1727 2744; x_wconf 84' lang='lat' dir='ltr'><strong>mente</strong></span> <span class='ocrx_word' id='word_1_773' title='bbox 1755 2721 1819 2742; x_wconf 83' lang='lat' dir='ltr'><strong>non</strong></span> 
     </span>
     <span class='ocr_line' id='line_1_117' title="bbox 989 2757 1819 2802; baseline -0.01 -10"><span class='ocrx_word' id='word_1_774' title='bbox 989 2760 1189 2802; x_wconf 88' lang='lat' dir='ltr'><strong>adjungimus</strong></span> <span class='ocrx_word' id='word_1_775' title='bbox 1223 2767 1260 2790; x_wconf 89' lang='lat' dir='ltr'><strong>ut</strong></span> <span class='ocrx_word' id='word_1_776' title='bbox 1294 2759 1462 2800; x_wconf 87' lang='lat' dir='ltr'><strong>quidquam</strong></span> <span class='ocrx_word' id='word_1_777' title='bbox 1494 2757 1658 2797; x_wconf 85' lang='lat' dir='ltr'><strong>derogetur</strong></span> <span class='ocrx_word' id='word_1_778' title='bbox 1687 2763 1819 2785; x_wconf 76' lang='lat' dir='ltr'><strong>summae</strong></span> 
     </span>
     <span class='ocr_line' id='line_1_118' title="bbox 990 2797 1818 2841; baseline -0.007 -8"><span class='ocrx_word' id='word_1_779' title='bbox 990 2803 1047 2833; x_wconf 84' lang='lat' dir='ltr'><strong>viri</strong></span> <span class='ocrx_word' id='word_1_780' title='bbox 1070 2802 1263 2833; x_wconf 88' lang='lat' dir='ltr'><strong>illustrissimi</strong></span> <span class='ocrx_word' id='word_1_781' title='bbox 1293 2801 1376 2841; x_wconf 87' lang='lat' dir='ltr'><strong>apud</strong></span> <span class='ocrx_word' id='word_1_782' title='bbox 1405 2809 1513 2831; x_wconf 67' lang='lat' dir='ltr'><strong>omnes</strong></span> <span class='ocrx_word' id='word_1_783' title='bbox 1537 2797 1818 2838; x_wconf 67' lang='grc' dir='ltr'><strong>φιλομαθημιτίιονς</strong></span> 
     </span>
     <span class='ocr_line' id='line_1_119' title="bbox 991 2837 1821 2876; baseline -0.01 0"><span class='ocrx_word' id='word_1_784' title='bbox 991 2845 1175 2876; x_wconf 84' lang='lat' dir='ltr'><strong>authoritati.</strong></span> <span class='ocrx_word' id='word_1_785' title='bbox 1223 2844 1285 2875; x_wconf 87' lang='lat' dir='ltr'><strong>Sed</strong></span> <span class='ocrx_word' id='word_1_786' title='bbox 1309 2843 1382 2874; x_wconf 71' lang='lat' dir='ltr'><strong>cum</strong></span> <span class='ocrx_word' id='word_1_787' title='bbox 1407 2843 1579 2873; x_wconf 80' lang='lat' dir='ltr'><strong>Newtonus</strong></span> <span class='ocrx_word' id='word_1_788' title='bbox 1599 2840 1742 2871; x_wconf 72' lang='lat' dir='ltr'><strong>brevitate</strong></span> <span class='ocrx_word' id='word_1_789' title='bbox 1761 2837 1821 2869; x_wconf 67' lang='lat' dir='ltr'><strong>sua</strong></span> 
     </span>
     <span class='ocr_line' id='line_1_120' title="bbox 990 2881 1820 2919; baseline -0.01 0"><span class='ocrx_word' id='word_1_790' title='bbox 990 2889 1181 2919; x_wconf 88' lang='lat' dir='ltr'><strong>occasionem</strong></span> <span class='ocrx_word' id='word_1_791' title='bbox 1203 2886 1322 2917; x_wconf 89' lang='lat' dir='ltr'><strong>dederit.</strong></span> <span class='ocrx_word' id='word_1_792' title='bbox 1344 2886 1385 2916; x_wconf 90' lang='lat' dir='ltr'><strong>V.</strong></span> <span class='ocrx_word' id='word_1_793' title='bbox 1406 2885 1458 2915; x_wconf 88' lang='lat' dir='ltr'><strong>lll.</strong></span> <span class='ocrx_word' id='word_1_794' title='bbox 1477 2883 1610 2919; x_wconf 87' lang='lat' dir='ltr'><strong>dicendi,</strong></span> <span class='ocrx_word' id='word_1_795' title='bbox 1635 2891 1708 2912; x_wconf 86' lang='lat' dir='ltr'><strong>eum</strong></span> <span class='ocrx_word' id='word_1_796' title='bbox 1730 2881 1820 2912; x_wconf 90' lang='lat' dir='ltr'><strong>nullo</strong></span> 
     </span>
     <span class='ocr_line' id='line_1_121' title="bbox 990 2925 1821 2968; baseline -0.01 -7"><span class='ocrx_word' id='word_1_797' title='bbox 990 2930 1194 2961; x_wconf 76' lang='lat' dir='ltr'><strong>fundamento</strong></span> <span class='ocrx_word' id='word_1_798' title='bbox 1218 2927 1364 2968; x_wconf 69' lang='lat' dir='ltr'><strong>meraque</strong></span> <span class='ocrx_word' id='word_1_799' title='bbox 1388 2925 1566 2966; x_wconf 70' lang='lat' dir='ltr'><strong>apparentia</strong></span> <span class='ocrx_word' id='word_1_800' title='bbox 1592 2925 1821 2965; x_wconf 87' lang='lat' dir='ltr'><strong>proportionem</strong></span> 
     </span>
     <span class='ocr_line' id='line_1_122' title="bbox 991 2964 1822 3011; baseline -0.01 -8"><span class='ocrx_word' id='word_1_801' title='bbox 991 2972 1094 3003; x_wconf 72' lang='lat' dir='ltr'><strong>motus</strong></span> <span class='ocrx_word' id='word_1_802' title='bbox 1108 2972 1302 3011; x_wconf 87' lang='lat' dir='ltr'><strong>apheliorum</strong></span> <span class='ocrx_word' id='word_1_803' title='bbox 1317 2970 1463 3004; x_wconf 85' lang='lat' dir='ltr'><strong>statuisse,</strong></span> <span class='ocrx_word' id='word_1_804' title='bbox 1486 2967 1544 2998; x_wconf 66' lang='lat' dir='ltr'><strong>hac</strong></span> <span class='ocrx_word' id='word_1_805' title='bbox 1558 2966 1633 2998; x_wconf 68' lang='lat' dir='ltr'><strong>nota</strong></span> <span class='ocrx_word' id='word_1_806' title='bbox 1646 2967 1702 3006; x_wconf 79' lang='lat' dir='ltr'><strong>ipsi</strong></span> <span class='ocrx_word' id='word_1_807' title='bbox 1718 2964 1822 2996; x_wconf 70' lang='lat' dir='ltr'><strong>inusta</strong></span> 
     </span>
     <span class='ocr_line' id='line_1_123' title="bbox 991 3009 1822 3054; baseline -0.008 -9"><span class='ocrx_word' id='word_1_808' title='bbox 991 3025 1063 3045; x_wconf 87' lang='lat' dir='ltr'><strong>eum</strong></span> <span class='ocrx_word' id='word_1_809' title='bbox 1087 3025 1218 3054; x_wconf 80' lang='lat' dir='ltr'><strong>purgare</strong></span> <span class='ocrx_word' id='word_1_810' title='bbox 1240 3020 1271 3043; x_wconf 91' lang='lat' dir='ltr'><strong>et</strong></span> <span class='ocrx_word' id='word_1_811' title='bbox 1293 3013 1401 3043; x_wconf 89' lang='lat' dir='ltr'><strong>veritas</strong></span> <span class='ocrx_word' id='word_1_812' title='bbox 1429 3018 1460 3042; x_wconf 88' lang='lat' dir='ltr'><strong>et</strong></span> <span class='ocrx_word' id='word_1_813' title='bbox 1490 3010 1747 3043; x_wconf 81' lang='lat' dir='ltr'><strong>commentatoris</strong></span> <span class='ocrx_word' id='word_1_814' title='bbox 1774 3009 1822 3039; x_wconf 80' lang='lat' dir='ltr'><strong>of-</strong></span> 
     </span>
     <span class='ocr_line' id='line_1_124' title="bbox 993 3056 1314 3096; baseline -0.006 -8"><span class='ocrx_word' id='word_1_815' title='bbox 993 3058 1098 3088; x_wconf 80' lang='lat' dir='ltr'><strong>ficium</strong></span> <span class='ocrx_word' id='word_1_816' title='bbox 1112 3056 1314 3096; x_wconf 81' lang='lat' dir='ltr'><strong>postulabant.</strong></span> 
     </span>
    </p>
   </div>
   <div class='ocr_carea' id='block_1_8' title="bbox 947 3113 1008 3144">
    <p class='ocr_par' dir='ltr' id='par_1_14' title="bbox 947 3113 1008 3144">
     <span class='ocr_line' id='line_1_125' title="bbox 947 3113 1008 3144; baseline -0.016 0"><span class='ocrx_word' id='word_1_817' title='bbox 947 3113 1008 3144; x_wconf 83' lang='lat' dir='ltr'><strong>F5</strong></span> 
     </span>
    </p>
   </div>
  </div>
 </body>
</html>
