2092 3470
510 211 764 259 FLUXUS
793 209 875 258 AC
905 209 1242 256 REFLUXUS
1273 207 1482 256 MARIS.
1760 216 1839 254 281

200 330 232 381 §.
251 332 323 370 51.
355 327 401 369 Si
420 326 512 383 quis
525 327 616 382 jam
635 341 690 368 ex
708 326 788 369 hfic
806 326 945 369 tabula
965 325 1235 368 elevationem
1254 327 1377 367 maris
1398 340 1524 382 supra
1543 332 1695 368 statum
1713 325 1846 366 maxi-

146 412 226 440 mae
245 397 519 454 depressionis
539 398 584 439 in
602 398 806 439 mensuris
831 397 1006 453 cognitis
1026 395 1199 438 definire
1218 395 1405 446 voluerit,
1435 397 1471 437 is
1489 395 1582 437 loco
1602 394 1847 437 fractionum

147 470 200 534 Ξ
219 503 261 537 et
276 471 330 535 ὲ
364 502 506 537 earum
536 496 696 538 valores
725 497 770 538 in
797 496 974 552 pedibus
1003 494 1201 538 Parisinis
1221 508 1276 536 ex
1300 498 1331 548 §.
1352 500 1421 535 41.
1444 495 1675 546 substituat,
1705 492 1846 537 habita

141 537 168 578 b
182 537 199 561 ³
276 537 333 578 b*

138 608 297 650 ratione
326 607 531 649 distantiae
562 608 697 650 Lunae
726 624 753 650 a
781 608 930 660 Terra,
959 616 1086 664 prout
1113 607 1286 650 ibidem.
1306 614 1369 648 est
1407 607 1655 662 expositum.
1732 608 1848 651 Con-

138 686 368 735 sequuntur
396 686 535 721 autem
566 694 620 721 ex
651 679 730 721 hac
769 679 908 721 tabula
946 679 1076 722 multa
1113 678 1282 735 egregia
1319 677 1584 728 consectaria,
1615 693 1709 734 quae
1747 678 1845 720 vero

119 752 325 795 'nondum
355 769 518 795 summo
546 769 642 795 cum
670 755 810 811 rigore
829 754 882 795 ad
902 752 1198 808 experientiam
1217 751 1445 792 examinari
1473 759 1659 805 possunt,
1689 751 1847 793 etiamsi

130 825 218 880 jam
252 825 424 882 insignis
454 825 742 866 convenientia
772 823 1119 879 deprehendatur.
1198 823 1366 878 Aquam
1399 821 1511 863 enim
1541 820 1678 862 adhuc
1711 823 1846 864 omnis

136 895 297 936 inertiae
312 904 528 950 expertem
546 896 764 951 ponimus3
784 895 1051 951 perspicuum
1070 902 1209 936 autem
1227 901 1302 944 est,
1333 893 1369 935 si
1387 906 1507 949 aquae
1526 892 1674 934 inertia
1692 894 1847 935 tribua-

135 977 217 1019 tur,
239 978 330 1011 tum
352 969 517 1011 diversa
536 970 706 1011 omnino
734 969 1012 1025 phaenomena
1029 969 1131 1011 oriri
1159 975 1364 1024 oportere.
1427 967 1556 1019 Quod
1585 968 1621 1009 si
1648 969 1775 1026 igitur
1801 970 1847 1010 hi

136 1042 334 1099 assignati
363 1042 532 1084 effectus
556 1043 645 1098 jam
673 1056 769 1083 cum
797 1042 1156 1084 observationibus
1183 1039 1308 1096 plane
1330 1040 1623 1091 consentirent,
1645 1040 1689 1081 id
1707 1039 1846 1096 potius

135 1111 339 1154 theoriam
361 1120 563 1154 everteret
583 1112 707 1169 quam
728 1113 1005 1164 confirmaret,
1037 1111 1133 1154 clim
1154 1126 1303 1168 aquam
1323 1120 1440 1153 extra
1460 1119 1612 1153 statum
1632 1126 1753 1154 suum
1772 1128 1847 1155 na-

133 1184 310 1226 turalem
341 1186 468 1227 simus
499 1185 780 1240 contemplati.
842 1186 1016 1227 Interim
1044 1193 1184 1227 tamen
1214 1185 1310 1226 satis
1339 1184 1430 1226 tuto
1452 1185 1540 1240 jam
1568 1192 1696 1226 status
1722 1186 1846 1228 maris

135 1256 213 1297 sub
242 1257 341 1312 ipsis
370 1257 479 1312 polis
509 1258 663 1312 poterit
691 1257 867 1308 definiri,
900 1258 970 1314 qui
1000 1257 1076 1299 etsi
1104 1258 1158 1299 ad
1190 1258 1485 1313 experientiam
1505 1259 1734 1299 examinari
1761 1274 1847 1300 non

132 1337 283 1384 potest,
315 1337 454 1370 tamen
483 1329 571 1385 ipsa
600 1331 759 1371 ratione
788 1330 1115 1372 confirmabitur.
1175 1331 1241 1371 Ac
1269 1329 1406 1385 primo
1436 1330 1604 1386 quidem
1633 1330 1710 1371 sub
1738 1331 1846 1386 polis

133 1399 248 1440 nulla
277 1399 356 1441 erit
385 1399 511 1441 maris
541 1400 714 1451 mutatio
744 1400 906 1450 diurna,
942 1398 1039 1442 cum
1066 1399 1190 1442 Luna
1212 1415 1288 1455 per
1307 1409 1440 1442 totum
1460 1401 1571 1442 diem
1592 1402 1765 1443 eandem
1786 1410 1847 1444 te-

133 1479 231 1513 neat
250 1471 303 1512 ab
332 1471 549 1513 horizonte
579 1472 828 1522 distantiam,
860 1472 905 1513 id
934 1473 1047 1528 quod
1075 1472 1165 1528 ipsa
1186 1488 1349 1529 quoque
1369 1475 1474 1514 ratio
1494 1474 1634 1524 dictat,
1666 1475 1762 1530 quia
1790 1474 1849 1516 ibi

133 1557 219 1584 non
249 1542 372 1584 datur
400 1543 665 1594 meridianus,
697 1559 722 1584 a
750 1543 867 1598 cujus
896 1543 1073 1598 appulsu
1098 1552 1223 1585 aestus
1244 1545 1369 1584 maris
1389 1544 1487 1585 alibi
1514 1545 1710 1586 aestimari
1730 1546 1847 1588 solet.

136 1614 321 1656 Dabitur
349 1622 489 1655 tamen
517 1613 582 1655 his
611 1613 712 1655 locis
741 1613 915 1654 mutatio
944 1622 1168 1664 menstrua,
1200 1622 1325 1670 atque
1345 1629 1453 1670 aqua
1471 1614 1652 1656 maxime
1672 1616 1751 1657 erit
1769 1616 1849 1658 hu-

132 1686 241 1727 milis
263 1684 359 1727 cum
381 1686 504 1727 Luna
524 1684 567 1725 in
587 1685 679 1739 ipso
698 1692 909 1740 aequatore
928 1692 1140 1733 versatur3
1162 1699 1246 1739 quo
1267 1684 1421 1740 quippe
1440 1693 1628 1739 tempore
1646 1685 1848 1740 perpetuo

132 1756 394 1798 horizontem
425 1755 657 1810 occupabit.
719 1754 836 1796 Hinc
865 1753 994 1809 porro
1021 1769 1128 1810 aqua
1148 1755 1300 1796 sensim
1320 1754 1549 1796 elevabitur
1566 1764 1693 1811 prout
1713 1756 1847 1798 Lunae

134 1829 355 1871 declinatio
377 1828 463 1870 sive
481 1825 624 1869 versus
643 1827 814 1868 boream
835 1826 920 1868 sive
940 1825 1084 1868 versus
1105 1835 1291 1868 austrum
1311 1835 1500 1883 augetur,
1527 1827 1661 1868 donec
1680 1827 1848 1869 tandem

134 1902 170 1943 si
189 1901 410 1943 declinatio
430 1899 488 1940 fit
514 1900 707 1949 maxima,
739 1914 815 1954 per
836 1899 1017 1954 spatium
1041 1906 1094 1941 10
1113 1899 1312 1954 pollicum
1331 1907 1494 1940 tantum
1515 1899 1722 1949 elevetur3
1753 1914 1848 1956 quae

133 1973 308 2015 mutatio
329 1971 424 2014 cum
443 1972 496 2013 sit
513 1970 714 2027 perquam
734 1971 859 2021 lenta,
882 1972 934 2012 ab
954 1971 1102 2013 inertia
1124 1987 1243 2028 aquae
1262 1972 1334 2013 vix
1354 1972 1599 2013 turbabitur.

193 2048 225 2098 ᾗ.
247 2048 316 2086 52.
347 2043 417 2084 Ex
443 2041 509 2082 his
539 2040 639 2082 vero
669 2041 815 2082 iisdem
844 2041 1034 2082 formulis
1063 2041 1231 2083 effectus
1252 2058 1277 2083 a
1299 2042 1396 2084 Sole
1416 2042 1616 2083 oriundus
1636 2057 1722 2084 non
1741 2042 1848 2084 diffi-

135 2116 267 2159 culter
295 2115 536 2172 colligetur3
573 2121 732 2154 tantum
766 2113 875 2154 enim
910 2113 1160 2170 quantitates
1197 2115 1227 2156 S
1256 2122 1298 2155 et
1326 2129 1364 2165 3,
1395 2113 1489 2155 loco
1509 2112 1548 2154 L
1565 2121 1607 2155 et
1618 2114 1845 2156 bsubstitui

134 2195 312 2244 oportet,
345 2201 428 2243 quo
447 2185 557 2227 facto
579 2184 748 2226 effectus
780 2185 889 2227 Solis
919 2186 1083 2228 circiter
1103 2195 1249 2242 quater
1267 2186 1404 2228 minor
1423 2187 1651 2241 reperietur
1670 2185 1793 2243 quam
1811 2186 1847 2228 is

135 2262 206 2318 qui
232 2277 258 2302 a
285 2259 407 2302 Luna
429 2260 573 2301 oritur.
638 2259 822 2302 Seorsim
843 2267 983 2301 autem
1003 2258 1099 2301 clim
1121 2260 1229 2302 Solis
1249 2258 1338 2301 tum
1359 2259 1494 2301 Lunae
1513 2259 1724 2301 effectibus
1743 2258 1847 2301 defi-

134 2331 245 2384 nitis,
275 2347 352 2388 per
382 2332 718 2388 conjunctionem
747 2332 973 2387 simplicem
1005 2332 1188 2384 effectus,
1213 2348 1341 2389 quem
1360 2333 1484 2374 ambo
1510 2332 1728 2374 luminaria
1747 2347 1846 2374 con-

129 2405 307 2461 junctim
338 2405 592 2461 producunt,
631 2404 986 2446 determinabitur.
1066 2405 1276 2447 Ponamus
1310 2405 1448 2461 itaque
1486 2403 1668 2460 primum
1706 2405 1847 2446 Solem

136 2475 384 2532 Lunamque
413 2475 459 2516 in
489 2475 780 2531 conjunctione
808 2475 976 2525 versari,
1007 2475 1052 2517 id
1081 2475 1194 2531 quod
1217 2475 1266 2517 fit
1295 2483 1482 2530 tempore
1500 2475 1726 2525 novilunii3
1757 2483 1847 2516 tum

135 2547 263 2604 igitur
290 2546 479 2604 neglecta
511 2548 648 2589 Lunae
678 2547 908 2597 latitudine,
947 2546 1020 2588 Sol
1048 2554 1090 2587 et
1118 2546 1242 2588 Luna
1269 2547 1312 2587 in
1342 2546 1488 2587 eodem
1523 2546 1723 2600 eclipticae
1752 2546 1846 2587 loco

137 2618 426 2670 versabuntur,
458 2626 582 2675 atque
612 2619 735 2660 simul
764 2618 819 2660 ad
846 2618 1121 2660 meridianum
1141 2618 1259 2674 aeque
1278 2632 1326 2659 ac
1346 2618 1400 2659 ad
1426 2618 1685 2659 horizontem
1705 2618 1846 2673 appel—

135 2690 235 2731 lent.
294 2688 508 2739 'Quocirca
534 2690 797 2731 manentibus
827 2689 1106 2744 superioribus
1136 2689 1551 2740 denominationibus,
1583 2690 1662 2731 erit
1681 2705 1846 2746 quoque

138 2762 249 2805 Solis
270 2747 558 2803 declinationis
579 2762 692 2804 sinus
720 2779 762 2801 =
791 2762 847 2812 Q,
872 2762 1035 2803 cosinus
1062 2778 1104 2800 =
1131 2777 1171 2817 q,
1195 2776 1243 2802 ac
1262 2775 1340 2815 pro
1360 2761 1514 2818 angulo
1535 2761 1587 2803 M
1610 2761 1645 2803 P
1666 2761 1705 2803 L
1731 2762 1846 2817 cujus

136 2833 305 2874 cosinus
325 2841 388 2874 est
407 2849 448 2870 =
472 2840 502 2882 t,
526 2833 604 2873 erit
618 2833 731 2874 sinus
746 2833 975 2874 altitudinis
997 2832 1104 2874 Solis
1118 2833 1272 2887 pariter
1286 2832 1347 2873 uti
1368 2832 1502 2873 Lunae
1516 2849 1557 2870 =
1570 2840 1627 2887 tp
1640 2848 1668 2889 q
1679 2839 1722 2882 -Ι-
1737 2833 1774 2875 Ρ
1787 2833 1843 2884 Q.

140 2905 210 2947 Ex
229 2921 312 2961 quo
333 2906 435 2947 dum
455 2905 580 2954 ambo
601 2905 819 2947 luminaria
847 2920 922 2961 per
951 2904 1226 2946 meridianum
1250 2902 1393 2945 versus
1413 2912 1597 2946 austrum
1617 2912 1843 2955 transeunt,

141 2991 262 3032 aquae
293 2978 482 3029 elevatio,
519 2991 615 3034 quae
644 2985 732 3020 tum
762 2978 842 3021 erit
869 2978 1063 3029 maxima,
1095 2976 1353 3019 altitudinem
1380 2977 1608 3020 naturalem
1638 2977 1846 3034 superabit
