2092 3470
231 249 284 291 86
632 243 1084 287 PHILOSOPHIAE
1116 245 1477 289 NATURALIS
1521 247 1617 299 [DE
1634 246 1797 290 thn.
1816 249 1936 292 Svsr,

230 367 292 401 tas
319 358 475 415 prodiit
504 359 650 401 eadem
679 361 795 416 quasi
824 361 1001 402 duarum
1030 361 1246 403 linearum.
1308 362 1365 404 Et
1383 361 1475 403 haec
1495 362 1771 418 discrepantia
1789 363 1942 418 partim

232 436 284 476 ab
313 435 521 476 erroribus
549 435 897 485 observationum,
932 436 983 490 (¹¹)
1013 436 1168 489 partim
1197 451 1222 476 a
1251 435 1584 477 dissimilitudine
1607 437 1787 491 partium
1813 437 1941 477 inter-

231 521 380 547 narum
410 507 556 564 Terrae
577 515 618 548 et
637 507 853 548 altitudine
881 507 1100 558 montium,
1123 516 1164 548 et
1182 507 1335 562 partim
1356 523 1382 549 a
1401 507 1572 549 diversis
1594 509 1699 550 a'elris
1721 508 1939 561 caloribus,
1962 498 1968 505 ’

230 580 330 621 oriri
350 580 499 636 potuit.

232 677 234 679 ·
289 654 420 711 Virga
439 653 573 696 ferrea
591 654 719 710 pedes
738 661 823 695 tres
843 654 983 711 longa,
1006 661 1194 710 tempore
1213 654 1402 711 hyberno
1429 655 1472 696 in
1495 655 1663 712 Angli&
1694 656 1861 699 brevior
1881 664 1943 699 est

230 729 354 785 quam
374 737 562 783 tempore
582 729 738 778 aestivo,
763 728 878 769 sextii
898 736 1017 783 parte
1036 728 1157 769 lineae
1179 729 1314 779 unius,
1347 736 1547 784 quantum
1578 729 1723 771 sentio.
1783 731 1854 772 Ob
1874 746 1943 773 ca-

232 801 337 843 lores
358 801 434 842 sub
454 808 664 857 aequatore
685 799 894 842 auferatur
912 799 1004 842 haec
1025 800 1231 856 quantitas
1252 800 1305 842 de
1320 799 1550 842 differentia
1571 800 1693 842 lineae
1709 802 1831 843 unius
1846 816 1943 844 eum

230 874 458 931 quadrante
488 889 513 914 a
545 873 728 914 Richero
758 873 988 924 observata,
1021 881 1062 915 et
1090 875 1273 916 manebit
1300 874 1410 916 linea
1443 878 1547 929 lsslff:
1588 890 1682 931 quae
1711 891 1806 917 cum
1835 876 1943 919 linefi

233 952 364 1005 ln-‘ltis
1580 947 1785 991 Richerus
1806 957 1945 991 autem

230 1023 535 1065 observationes
565 1023 611 1063 in
642 1022 840 1078 Cayennae‘i
870 1021 1011 1072 factas,
1044 1021 1215 1078 singulis
1246 1021 1483 1076 septimanis
1512 1036 1589 1076 per
1608 1036 1771 1063 menses
1791 1015 1939 1065 decem

228 1098 402 1148 iteravit,
436 1105 477 1138 et
506 1097 786 1154 longitudines
815 1096 989 1152 penduli
1018 1096 1063 1136 in
1088 1095 1204 1153 virga
1231 1095 1365 1138 ferrefi
1386 1096 1444 1137 ibi
1463 1104 1627 1138 notatas
1648 1111 1744 1138 cum
1763 1097 1945 1155 longitu-

230 1170 393 1212 dinibus
415 1170 500 1224 ejus
520 1170 564 1210 in
586 1168 724 1211 Gallia
746 1169 933 1210 similiter
952 1169 1104 1210 notatis
1126 1169 1313 1210 contulit.
1367 1169 1477 1218 Quae
1497 1169 1711 1226 diligentia
1727 1178 1769 1212 et
1784 1171 1945 1212 cautela

229 1246 273 1286 in
293 1245 381 1285 aliis
410 1243 743 1285 observatoribus
771 1242 950 1284 defuisse
981 1243 1158 1284 videtur.
1220 1242 1266 1284 Si
1292 1241 1416 1297 hujus
1436 1243 1792 1284 observationibus
1812 1243 1946 1285 fiden-

230 1317 331 1358 dum
358 1323 432 1365 est,
466 1315 515 1370 (⁰)
543 1315 678 1356 Terra
700 1314 830 1372 ⁸altior
851 1314 929 1356 erit
949 1314 1004 1356 ad
1022 1321 1277 1370 aequatorem
1297 1313 1423 1370 quam
1442 1315 1496 1356 ad
1518 1315 1638 1370 polos
1659 1330 1832 1358 excessu
1851 1317 1945 1358 mil-

231 1390 394 1432 liarium
414 1389 696 1444 septendecim
716 1388 891 1439 circiter,
913 1395 961 1430 ut
981 1402 1106 1443 supra
1124 1402 1201 1443 per
1221 1386 1423 1429 theoriam
1444 1387 1611 1443 prodiit.

396 963 471 1003 per
501 947 705 989 theoriam
729 948 817 1003 jam
846 955 941 988 ante
971 947 1142 988 collecta
1161 948 1293 1002 probe
1314 948 1517 1005 congruit.

273 1522 320 1565 (¹⁴)
334 1524 353 1542 ¹*
367 1523 490 1554 Partim
503 1534 522 1553 a
537 1523 792 1555 dissimilitudine.
840 1523 921 1559 Quae
936 1521 975 1554 de
990 1532 1067 1561 pen-
1114 1521 1232 1563 XIX.)
1255 1520 1386 1562 ideoque
1409 1516 1534 1552 459468
1556 1524 1602 1550 est
1622 1519 1663 1550 ad
1684 1521 1809 1551 44:387
1829 1525 1867 1551 ut
1879 1519 1946 1551 dia»-

229 1565 376 1596 dulorum
391 1564 638 1606 longitudinibus
649 1565 730 1596 dicta
740 1571 813 1596 sunt
827 1565 860 1595 in
874 1567 932 1596 hac
951 1565 1067 1604 Propo·
1109 1571 1208 1595 meter
1229 1562 1335 1594 versus
1355 1563 1443 1603 polos
1457 1569 1503 1593 est
1517 1563 1556 1593 ad
1571 1562 1758 1592 diametrum
1774 1562 1946 1593 secundum

229 1608 349 1645 sitione,
377 1613 557 1646 supponunt
584 1609 810 1648 homogeneam
835 1618 901 1638 esse
931 1607 1068 1639 Telluris

229 1650 407 1687 materiam3
430 1650 456 1679 si
481 1649 554 1680 vero
578 1651 773 1691 homogenea
797 1661 860 1680 non
882 1650 922 1680 sit
939 1649 1065 1689 ubique,

228 1692 282 1722 sed
297 1692 400 1732 aliqua
414 1692 453 1722 sit
467 1692 500 1720 in
514 1692 651 1730 partibus
669 1692 799 1722 internis
815 1693 919 1722 Terrae
933 1692 1067 1722 dissimi-

228 1734 339 1771 litudo,
363 1739 445 1772 patet
468 1733 553 1774 (96.)
576 1734 649 1764 hinc
668 1733 818 1774 quasdam
838 1734 909 1764 oriri
930 1734 1066 1773 possein

229 1776 699 1816 pendulorum-longitudinibus
720 1776 967 1816 irregularitates.
1018 1776 1066 1805 Si-

228 1818 336 1849 milem
351 1820 391 1849 ob
405 1828 538 1852 causam.
555 1828 594 1848 ex
608 1818 763 1850 montium
782 1818 954 1855 altitudine,
977 1817 1065 1848 valli-

229 1871 285 1891 um
300 1860 428 1891 cavitate
442 1860 664 1901 inaequalitates
678 1861 790 1901 aliquae
804 1860 889 1891 nasci
909 1865 1064 1899 poterunt,

227 1913 284 1942 pro
299 1912 424 1933 excessu
440 1902 523 1933 enim
538 1903 586 1933 vel
609 1903 733 1933 defectu
752 1903 1065 1943 materiaessaugebitur

229 1947 277 1976 vel
302 1946 462 1975 minuetur
480 1945 623 1985 gravitas.
673 1945 931 1976 Observationum
953 1945 1066 1975 discre-

229 1988 365 2026 pantiam
379 1988 475 2026 repeti
490 1988 582 2018 etiam
597 1998 684 2027 posse
696 1998 714 2018 a
725 1987 851 2018 diversis
866 1987 943 2017 a'e'ris
958 1987 1066 2017 calori·
1097 1999 1099 2001 ¹

228 2032 287 2061 bus
307 2030 507 2060 manifestum
529 2035 575 2060 est
596 2040 634 2060 ex
654 2030 915 2061 observationibus
938 2030 1064 2067 Picarti‚

228 2073 259 2102 la
277 2072 370 2107 Hirii,
388 2078 419 2102 et
434 2082 471 2102 ex
486 2071 561 2102 nota
575 2073 768 2111 praecedenti.

272 2115 317 2157 (⁰)
334 2117 352 2135 ¹*
372 2117 468 2146 Terra
484 2116 570 2146 altior
584 2117 650 2147 erit.
693 2115 723 2146 Si
739 2115 833 2156 hujus
848 2115 1065 2146 observationi-

227 2159 287 2188 bus
308 2157 468 2188 fidendum
490 2164 545 2194 est,
569 2157 732 2198 longitudo
748 2158 875 2197 penduli
890 2159 948 2188 sub
963 2168 1066 2198 requa-

228 2206 294 2230 tore
306 2200 499 2238 superabitur
513 2210 532 2229 a
546 2199 743 2240 longitudine
757 2200 884 2239 penduli
899 2201 1066 2240 synchroni

231 2242 412 2272 parisiensis
434 2253 559 2273 excessu
581 2242 672 2272 lineae
696 2243 791 2274 unius
814 2250 845 2274 et
871 2246 909 2273 87
932 2243 1066 2282 partium

228 2284 464 2315 millesimaru'm
486 2285 586 2323 linere,
610 2285 742 2325 ideoque
757 2285 921 2327 longitudo
935 2286 1064 2326 penduli

677 2330 761 2359 4217

228 2354 286 2384 sub
301 2359 454 2394 aequatore
469 2354 526 2384 erit
540 2358 570 2385 3.
589 2354 658 2394 ped.
785 2354 839 2384 lin.
863 2365 919 2386 seu
940 2359 970 2386 3.
990 2355 1061 2394 ped.

230 2423 259 2452 7.
274 2425 346 2453 468.
365 2423 420 2452 lin.
438 2421 587 2461 proxime,
602 2428 647 2453 est
658 2423 741 2453 enim
756 2423 920 2464 longitudo
935 2423 1065 2462 penduli

234 2477 328 2509 Paris.
346 2482 376 2509 3.
394 2478 464 2518 ped.
484 2469 530 2522 82-
544 2479 600 2509 lin.
617 2479 671 2510 sed
685 2486 732 2511 est
745 2480 971 2511 incrementum
987 2491 1063 2520 pon-

227 2520 308 2551 deris
318 2521 381 2551 sive
395 2522 621 2552 incrementum
636 2522 839 2564 longitudinis
852 2523 980 2561 penduli
995 2534 1064 2562 per-

227 2563 332 2603 gendo
346 2565 385 2594 ab
400 2571 553 2604 aequatore
567 2563 607 2595 ad
621 2565 709 2604 polos
722 2572 759 2596 ut
773 2564 861 2595 sinus
875 2575 980 2596 versus
994 2566 1063 2597 lati-

787 2611 867 2638 1087

786 2664 868 2691 1-000
887 2644 942 2665 seu
966 2638 980 2665 1
1006 2634 1060 2664 lin.

227 2631 346 2663 tudinis
367 2631 531 2672 duplicatae
542 2644 553 2671 3
575 2643 611 2663 ac
632 2632 762 2672 proinde

226 2703 313 2782 el—ggo
327 2727 385 2758 erit
398 2726 438 2758 ad
453 2727 680 2758 incrementum
702 2727 906 2770 longitudinis
921 2730 977 2759 sub
992 2707 1065 2768 polo

228 2800 265 2824 ut
283 2796 442 2869 11553412}
455 2800 569 2827 20000.
604 2795 727 2870 lguare
742 2796 969 2828 incrementum
984 2796 1065 2827 illud

400 2843 420 2868 0
583 2843 602 2870 9

341 2892 441 2920 11334
575 2895 656 2923 1000

227 2929 365 2970 pondera
379 2942 433 2962 seu
448 2932 657 2971 pendulorum
671 2933 882 2976 longitudines
893 2935 950 2964 sub
962 2943 1064 2974 aequa-

228 2979 295 3003 tore
309 2979 340 3003 et
355 2975 413 3003 sub
434 2975 506 3013 polo
521 2975 686 3015 respective
708 2981 738 3007 5.
758 2976 829 3016 ped.
848 2978 944 3007 7.468
960 2976 1013 3007 lin.
1033 2982 1064 3006 et·

229 3019 258 3046 3.
272 3015 341 3054 ped.
362 3020 456 3047 9387
472 3018 527 3047 lin.
545 3019 604 3050 hoc
626 3026 672 3050 est
692 3018 832 3058 proxime
847 3024 884 3050 ut
904 3019 938 3048 in
959 3017 1066 3049 tabula}

230 3057 447 3088 Newtonianzi.
507 3060 567 3090 Sed
592 3061 729 3099 pondera
751 3067 824 3092 sunt
848 3060 1002 3101 reciproce
1030 3067 1067 3092 ut

229 3100 382 3131 distantia:
411 3111 429 3131 a
458 3108 564 3133 centro
589 3105 642 3144 (ex
668 3103 882 3135 demonstratis
906 3104 940 3134 in
967 3104 1060 3144 Prop.

450 2874 527 2902 ,seu
542 2868 555 2895 l

671 2865 819 2905 proxime.
866 2865 972 2896 Erunt
991 2864 1065 2906 ergo

1109 1613 1306 1647 aequatorem,
1330 1604 1393 1637 sive
1414 1611 1451 1635 ut
1472 1609 1535 1636 229
1549 1604 1588 1635 ad
1604 1608 1667 1634 230
1686 1604 1837 1643 proxime,
1858 1603 1944 1635 ide6-

1108 1659 1170 1689 que
1191 1648 1292 1688 posita
1316 1647 1558 1678 semi-diametro
1583 1648 1688 1677 Terrae
1712 1647 1763 1688 (ut
1787 1647 1821 1676 in
1847 1647 1942 1687 Prop.

1107 1691 1259 1731 praeced.)
1289 1696 1374 1730 patet
1404 1691 1474 1732 (per
1501 1695 1590 1720 notas
1614 1689 1648 1719 in
1674 1687 1804 1719 eandem
1833 1688 1942 1728 Prop.)

1111 1734 1238 1766 Terram
1263 1733 1403 1763 altiorem
1427 1742 1491 1762 esse
1516 1732 1556 1762 ad
1579 1737 1766 1772 aequatorem
1788 1731 1882 1772 queim
1904 1731 1945 1762 ad

1107 1775 1195 1815 polos
1209 1785 1334 1806 excessu
1349 1774 1528 1805 milliarium
1542 1773 1760 1812 septemdecim
1774 1773 1902 1803 circiter.

1152 1822 1202 1850 99.
1224 1818 1348 1850 Clariss.
1374 1817 1418 1848 D.
1439 1816 1600 1856 Campbell
1623 1815 1761 1847 Londini
1781 1816 1815 1845 in
1836 1815 1942 1846 latitu-

1108 1871 1181 1903 dine
1202 1873 1272 1904 510.
1297 1863 1338 1914 ¹3⁰
1360 1881 1391 1903 et
1412 1873 1444 1902 in
1464 1871 1606 1904 Jamaica
1627 1872 1661 1902 in
1684 1871 1846 1903 latitudine
1872 1872 1938 1903 180.

1107 1915 1343 1945 accuratissimis
1363 1915 1626 1945 observationibus
1646 1914 1805 1951 institutis,
1828 1914 1944 1946 invenit

1107 1957 1335 1998 longitudinem
1350 1957 1479 1996 penduli
1491 1957 1637 1996 simplicis
1651 1956 1691 1987 ad
1701 1958 1824 1988 minuta
1834 1967 1943 1988 secun·

1108 1999 1157 2029 dae
1180 1999 1317 2030 Londini
1339 2000 1505 2030 oscillantis
1520 2010 1584 2030 esse
1599 2003 1727 2031 59.129.
1744 1999 1817 2039 poll.
1840 1999 1938 2040 Angl-

1107 2042 1253 2082 idemque
1266 2042 1439 2081 pendulum
1454 2042 1571 2074 tardius
1585 2042 1629 2072 ire
1643 2042 1674 2072 in
1691 2040 1833 2074 Jnmaica
1869 2042 1943 2073 uam

1109 2084 1248 2115 Londini
1280 2084 1491 2124 deprehendit,
1521 2084 1670 2115 existente
1698 2084 1871 2115 differentia
1902 2085 1938 2115 1'.

1074 2140 1082 2153 x
1108 2126 1176 2158 58⁰.
1206 2127 1303 2167 spatio
1328 2131 1378 2157 24.
1403 2128 1469 2157 hor.
1518 2127 1571 2158 Ex
1596 2127 1645 2157 his
1670 2126 1940 2166 observationibus,

1107 2169 1218 2200 eodem
1235 2180 1298 2210 quo
1316 2171 1464 2200 hactenus
1478 2170 1527 2201 usi
1541 2180 1648 2200 sumus
1662 2175 1818 2209 computo,
1841 2169 1941 2200 deter-

1107 2212 1236 2243 minavit
1250 2212 1477 2253 longitudinem
1497 2211 1626 2252 penduli
1640 2213 1698 2242 sub
1709 2217 1863 2252 aequatore
1877 2222 1942 2243 esse

1107 2254 1147 2285 ad
1175 2255 1404 2296 longitudinem
1432 2254 1560 2294 penduli
1588 2255 1646 2285 sub
1674 2254 1754 2293 polis
1774 2259 1811 2285 ut
1836 2258 1942 2286 89000

1107 2297 1147 2328 ad
1171 2301 1283 2333 39206,
1311 2297 1395 2328 unde
1417 2297 1518 2337 prodit
1542 2296 1689 2327 diameter
1717 2297 1880 2337 aequatoris
1901 2296 1941 2327 ad

1107 2340 1292 2370 diametrum
1318 2338 1422 2370 versus
1449 2339 1537 2379 polos
1565 2339 1598 2369 in
1626 2339 1872 2375 ratione-392&
1900 2339 1941 2369 ad

1106 2386 1213 2415 39000
1233 2382 1296 2413 sive
1317 2388 1354 2413 ut
1378 2386 1438 2414 190
1457 2382 1497 2413 ad
1513 2385 1573 2414 189
1587 2380 1672 2419 fere3
1694 2380 1827 2422 ideoque
1841 2380 1942 2421 posita

1106 2425 1348 2456 semi-diametro
1365 2425 1468 2456 Terrae
1482 2424 1564 2455 utin
1584 2424 1676 2463 Prop.
1694 2423 1822 2463 praeced.
1844 2424 1941 2455 Tem

1106 2468 1197 2498 altior
1210 2468 1268 2498 erit
1287 2467 1328 2498 ad
1348 2473 1535 2508 aequatorem
1550 2465 1643 2507 quiam
1658 2466 1697 2497 ad
1712 2466 1798 2506 polos
1812 2476 1940 2498 excessu

1105 2510 1285 2540 milliarium
1310 2513 1349 2540 41
1378 2510 1505 2541 circiter.
1569 2509 1747 2540 Doctissimi
1772 2508 1828 2539 viri
1855 2509 1936 2540 DD.

1111 2553 1226 2589 Godin,
1259 2553 1421 2593 Bouguer,
1456 2552 1495 2582 de
1528 2551 1560 2583 la
1591 2551 1786 2583 Condamine
1816 2549 1942 2590 summa

1106 2594 1268 2636 diligentia
1292 2595 1325 2624 in
1349 2594 1512 2626 latitudine
1539 2594 1605 2625 180.
1632 2594 1690 2626 27'.
1716 2594 1940 2626 observationes

1106 2638 1280 2668 habuerunt
1300 2648 1370 2678 quae
1392 2647 1466 2668 cum
1484 2636 1744 2668 observationibus
1760 2637 1804 2668 D.
1825 2637 1940 2680 Camp-

1105 2681 1168 2711 bell
1182 2678 1276 2719 probe
1289 2686 1475 2720 congruunt.
1525 2679 1565 2710 ln
1580 2679 1613 2710 id
1626 2689 1750 2720 quoque
1763 2678 1938 2719 conspirant

1106 2722 1330 2753 observationes
1344 2721 1449 2752 versus
1463 2722 1571 2761 polum
1586 2721 1733 2752 institutae
1747 2731 1766 2752 a
1779 2721 1939 2752 celeberri-

1106 2775 1159 2794 mo
1186 2766 1230 2795 D.
1256 2764 1294 2796 de
1318 2764 1515 2804 Maupertuis
1539 2763 1772 2804 clarissimisque
1793 2762 1883 2794 sociis
1903 2771 1941 2794 ut

1108 2807 1235 2838 Terram
1258 2806 1362 2837 versus
1383 2813 1570 2848 aequatorem
1589 2806 1689 2848 magis
1702 2808 1813 2837 elatam
1827 2806 1941 2836 consti-

1105 2855 1196 2880 tuant
1210 2848 1304 2890 quam
1319 2860 1375 2888 pro
1389 2848 1507 2879 theoria‘i
1524 2849 1680 2880 Newtoni.
1727 2845 1817 2879 Idem
1829 2847 1941 2878 confir-

1108 2898 1173 2923 mat
1200 2898 1342 2922 accurata
1370 2891 1525 2932 graduum
1561 2890 1747 2923 terrestrium
1782 2899 1937 2922 mensura·

1109 2934 1293 2976 Longitudo
1314 2934 1428 2975 gradus
1446 2934 1607 2964 meridiani
1622 2933 1675 2974 qui
1689 2932 1840 2963 circulum
1855 2932 1941 2973 pola-

1108 2986 1173 3007 rem
1203 2984 1293 3014 secat,
1324 2988 1343 3006 a
1375 2978 1418 3007 D.
1451 2976 1490 3007 de
1520 2976 1717 3015 Maupertuis
1743 2975 1868 3006 inventa
1895 2980 1943 3006 est

1106 3016 1246 3052 57457'‚9
1270 3020 1418 3058 hexaped.
1451 3025 1482 3050 et
1517 3017 1743 3059 longitudinem
1768 3016 1882 3059 grados
1908 3017 1943 3048 in

1113 3060 1217 3092 Gallia
1238 3061 1271 3091 in
1293 3061 1364 3093 450.
1383 3065 1497 3093 57100.
1516 3059 1664 3099 hexaped.
1682 3059 1878 3098 probabiliter
1895 3069 1943 3090 us-

1108 3104 1189 3135 sumi
1204 3114 1294 3145 posse
1305 3104 1505 3136 ostendimus.
1554 3103 1641 3133 Hinc
1655 3101 1771 3144 gradus
1784 3101 1943 3143 utriusque
