2092 3470
198 241 253 277 88

475 402 852 446 PROPOSITIO
883 402 1016 444 XXI.

591 234 1044 278 PHILOSOPHIAE
1075 234 1437 282 NATURALIS
1481 236 1577 289 [Dr.
1594 235 1896 280 Munnsmn
1934 282 1937 287 s

1081 401 1444 445 THEOREMA
1473 403 1623 446 XVII.

198 535 246 589 (v)
281 535 444 575 Puncta
478 535 778 588 aequinoctialia
808 534 980 587 regredi,
1017 539 1056 573 et
1075 547 1187 573 aecem
1224 533 1363 574 Terrae
1391 534 1562 588 singulis
1591 533 1895 576 revolutionibus

243 607 390 648 annuis
410 608 588 648 nutando
607 607 666 648 bis
687 606 738 661 (q)
762 606 955 646 inclinari
983 606 1026 645 in
1047 606 1270 658 eclipticam
1289 611 1327 646 et
1347 604 1407 647 bis
1424 606 1560 646 redire
1580 607 1636 647 ad
1655 607 1893 660 positionem

234 682 426 734 priorem.

240 818 361 860 Patet
378 832 454 873 per
476 816 616 859 Corol.
639 820 708 856 20.
732 814 859 870 Prop.
882 814 1049 856 LXVI.
1072 815 1167 856 Lib.
1192 814 1228 856 I.

1295 814 1441 856 Motus
1461 822 1600 858 tamen
1619 815 1697 858 iste
1720 816 1892 859 nutandi

181 892 431 948 perexiguus
452 896 547 931 esse‘
559 888 697 939 debet,
720 896 761 930 et
780 888 853 930 vix
872 896 944 930 aut
962 904 1016 930 ne
1036 889 1109 930 vix
1130 888 1297 945 quidem
1318 889 1535 931 sensibilis.

186 1043 271 1096 5²36.
319 1057 461 1088 Tandem
478 1057 504 1087 si
525 1057 604 1088 ratio
617 1056 671 1086 illa
684 1054 860 1086 sit'numeri
878 1056 955 1086 1351
974 1054 1014 1085 ad

181 1099 263 1128 1440
285 1105 322 1129 ut
345 1099 531 1139 quibusdam
551 1098 775 1130 mathematicis
798 1107 1014 1127 mensurarum

177 1139 368 1176 peritissimis
383 1141 513 1177 videtur,
529 1142 627 1182 major
641 1140 743 1179 prodit
764 1139 892 1179 penduli
913 1139 1013 1180 longi-

177 1181 264 1217 tudo,
280 1183 427 1213 nimirum
442 1183 510 1222 ped.
533 1183 629 1213 Paris.
648 1187 677 1214 3.
696 1182 750 1212 lin.
770 1185 892 1212 85888.

224 1224 305 1255 Haec
327 1231 400 1256 sunt
421 1235 491 1266 quae
506 1225 546 1255 ad
562 1225 699 1255 Telluris
713 1224 846 1264 figuram
861 1229 1008 1263 spectant.

181 1263 256 1296 Hac
271 1266 310 1297 de
323 1277 356 1296 re
371 1277 451 1298 nova
464 1267 692 1308 quamplurima
706 1276 754 1296 an.
773 1270 862 1297 1740.
873 1272 905 1295 et
923 1268 1013 1296 1741.

177 1307 294 1346 duplici
311 1309 533 1340 Dissertatione
548 1308 644 1339 edidit
666 1309 705 1339 P.
725 1307 906 1339 Boscowick
924 1307 956 1337 S.
975 1307 1008 1338 J.

176 1349 307 1390 insignis
335 1352 508 1382 matheseos
535 1352 686 1391 professor
698 1363 707 1381 ι
743 1349 878 1381 maxime
906 1355 1011 1380 autem

175 1393 384 1431 exoptandum
408 1399 444 1423 ut
458 1393 498 1424 ad
516 1394 645 1434 hujusce
659 1392 836 1433 quaestionis
855 1392 1012 1432 totiusque

178 1435 351 1465 matheseos
372 1436 539 1466 utilitatem
555 1435 629 1466 salvi
651 1443 683 1466 et
702 1434 872 1465 incolumes
886 1433 1013 1464 redeant

176 1475 290 1509 clariss.
311 1477 492 1509 Academici
512 1478 566 1518 qui
584 1477 624 1508 ad
645 1476 853 1508 definiendam
875 1476 1011 1506 Telluris

175 1518 307 1558 figuram
337 1520 435 1550 nobili
463 1520 571 1550 ardore
598 1520 784 1551 laboriosum
819 1519 878 1549 iter
905 1528 1010 1548 versus

174 1567 360 1600 aequatorem
389 1568 598 1602 susceperunt.
657 1561 758 1593 Simul
783 1561 866 1591 enim
891 1561 1011 1591 collatis

173 1603 278 1635 versus
299 1604 407 1643 polum
422 1610 454 1635 et
468 1604 573 1635 versus
587 1611 774 1644 aequatorem
792 1603 939 1634 institutis
954 1605 1008 1633 ob-

173 1645 402 1683 servationibus,
425 1657 444 1676 a
463 1646 645 1677 doctissimis
659 1646 730 1677 viris
744 1655 800 1685 pro
815 1647 897 1676 bono
911 1645 1009 1675 scien-

174 1686 288 1717 tiarum
310 1687 346 1724 ,in
375 1698 475 1719 unum
503 1689 748 1728 conspirantibus
773 1688 941 1718 certissima
969 1687 1009 1717 de

174 1729 309 1759 Telluris
323 1730 538 1771 magnitudine
552 1737 584 1761 et
598 1730 710 1772 figura,
733 1729 889 1771 gravitatis
903 1729 1007 1760 decre-

171 1777 286 1809 mento,
302 1772 430 1812 aliisque
444 1772 484 1803 ad
498 1773 725 1809 astronomiam,
740 1772 960 1814 geographiam
974 1778 1007 1803 et

171 1813 329 1853 physicam
344 1813 480 1845 maxime
494 1815 695 1846 momentosis
709 1814 858 1854 speranda
871 1819 952 1845 sunt.

214 1855 261 1896 (Ρ)
279 1860 349 1887 101.
372 1860 498 1889 Puncta
513 1859 740 1898 aequinoctialia.
789 1857 822 1887 Si
839 1857 936 1887 Terra

170 1898 259 1929 nullo
274 1899 336 1929 alio
350 1907 437 1930 motu
452 1906 562 1938 praeter
574 1907 695 1930 motum
710 1899 935 1939 progressivum

169 1939 203 1969 in
217 1940 274 1971 sua
284 1940 383 1972 orbita
391 1949 572 1983 motumque
583 1942 742 1983 vertiginis
755 1942 834 1971 circa
845 1951 935 1971 axem

170 1981 346 2022 agitaretur,
358 1994 446 2014 axem
456 1995 549 2015 suum
558 1985 614 2015 sibi
624 1994 744 2023 semper
752 1983 934 2022 parallelum

168 2024 312 2056 retineret
322 2026 411 2066 (eor.
424 2030 475 2056 22.
493 2027 584 2066 Prop.
597 2016 727 2057 LXVI.
741 2027 810 2057 Lib.
824 2026 866 2065 1.)
879 2025 933 2056 sed

170 2067 210 2096 ob
227 2067 362 2106 Telluris
377 2068 511 2109 figuram
529 2068 632 2099 versus
652 2069 740 2108 polos
758 2068 936 2108 depressam

170 2113 202 2138 et
220 2109 328 2140 versus
348 2116 533 2150 aequatorem
554 2113 751 2152 oblongatam
767 2111 802 2141 fit
818 2117 854 2141 ut
867 2109 933 2140 axis

169 2151 246 2181 situs
270 2155 474 2191 perturbetur.
536 2154 665 2184 Referat
687 2162 727 2192 ‘V‘
748 2163 790 2188 π
812 2164 854 2188 Δ
875 2156 931 2195 bf,

168 2194 299 2224 orbitarn
335 2195 472 2226 Telluris
507 2195 589 2226 circa
627 2197 731 2227 Solem
766 2198 796 2232 S,
834 2197 934 2237 sitque

171 2236 203 2266 A
223 2236 251 2266 E
270 2237 299 2267 B
320 2237 360 2274 Q,
389 2237 453 2276 ipsa
477 2237 586 2269 Tellus
605 2240 695 2280 cujus
712 2239 776 2279 poli
797 2239 827 2270 A
843 2246 874 2270 et
891 2239 932 2275 B,

168 2284 304 2319 aequator
314 2280 343 2309 E
357 2280 397 2315 Q.
433 2281 590 2316 Quoniam
604 2283 655 2324 (ex
674 2283 767 2321 Prop.
782 2280 931 2321 praeced.)

170 2321 266 2351 Terra
281 2327 327 2352 est
340 2323 487 2361 sphaerois
501 2323 540 2354 ad
555 2324 642 2362 polos
660 2326 689 2354 A
706 2324 792 2361 et·B,
811 2324 932 2366 depres-

168 2373 201 2394 sa
225 2369 256 2394 et
279 2364 385 2395 versus
407 2372 595 2405 aequatorem
616 2367 646 2397 E
666 2368 706 2403 Q,
728 2367 817 2404 elata,
838 2367 934 2396 instar

166 2405 252 2447 globi
267 2406 385 2437 annulo
398 2407 576 2439 inbaerentis
590 2411 719 2448 spectari
734 2409 855 2448 poterit,
877 2418 933 2438 an-

166 2448 243 2479 nulo
265 2449 349 2479 enim
372 2449 535 2490 aequivalet
553 2452 680 2483 materia
702 2451 879 2482 redundans
899 2450 933 2479 in

166 2490 346 2531 regionibus
360 2493 531 2532 aequatoris.
581 2493 685 2530 Quare
701 2496 770 2533 (per
787 2494 858 2524 Cor.
878 2496 929 2523 20.

169 2533 262 2572 Prop.
277 2534 420 2574 LXVI.)
437 2536 545 2566 annuli
560 2537 654 2577 hujus
668 2537 742 2566 nodi
756 2535 931 2576 regredien-

166 2581 227 2612 tur,
242 2576 301 2607 hoc
316 2583 371 2614 est,
396 2577 505 2608 Tellus
519 2579 654 2619 digressa
667 2590 687 2609 a
701 2578 777 2609 libra
799 2588 852 2615 Δ,
876 2576 931 2607 ubi

166 2619 340 2649 communis
361 2619 456 2651 sectio
475 2621 626 2659 eclipticae
641 2628 672 2652 et
686 2622 850 2660 aequatoris
864 2628 930 2650 ver-

165 2659 220 2690 sus
236 2661 340 2691 Solem
364 2662 394 2697 S,
418 2662 572 2704 dirigitur,
589 2670 620 2694 et
634 2674 688 2703 per
703 2667 746 2705 k?
764 2662 870 2694 versus
885 2669 925 2699 φ

165 2712 305 2742 pergens,
329 2704 369 2735 ad
383 2704 502 2736 nodum
518 2706 550 2737 A
565 2705 651 2745 prius
665 2707 818 2748 pertinget
831 2704 926 2747 quam

165 2744 266 2782 ad=tv³
288 2747 467 2785 pervenerit,
494 2753 526 2779 et
553 2748 661 2779 Tellus
679 2750 718 2779 ab
740 2757 780 2786 ‘V'
804 2759 858 2788 per
876 2757 918 2783 ΩΒ

164 2786 269 2817 versus
283 2798 326 2822 Δ
342 2790 539 2829 progrediens
558 2790 644 2829 prius
658 2791 788 2822 alterum
804 2791 922 2822 nodum

165 2828 195 2859 L
211 2829 340 2870 atintget
353 2831 446 2871 quam
459 2842 502 2866 Δ
516 2834 570 2864 ubi
583 2833 615 2863 in
628 2833 720 2873 priori
732 2833 922 2867 revolutione

164 2877 229 2902 erat
248 2872 368 2902 nodus:
394 2873 427 2903 id
449 2882 506 2914 est,
524 2876 684 2915 aequatoris
703 2876 830 2916 planum
849 2886 920 2916 pro-

164 2913 303 2950 ductum,
320 2924 373 2954 per
387 2915 488 2946 Solem
503 2917 589 2956 prius
604 2919 742 2950 transibit
752 2918 847 2960 quam
860 2919 995 2951 Telluris

164 2963 305 2986 centrum
333 2956 373 2986 ad
396 2967 438 2991 Δ
464 2960 641 2997 pervenerit,
669 2961 722 2992 sed
746 2967 820 2992 tunc
845 2962 996 3004 contingit

164 2998 382 3038 aequinoctium
398 3004 474 3029 dum
489 3001 600 3041 nempe
618 3003 670 3033 Sol
685 3003 717 3033 in
732 3004 824 3043 plano
835 3006 996 3044 aequatoris

165 3041 313 3071 terrestris
335 3048 470 3072 versatur
489 3044 552 3083 (4.)
575 3044 689 3084 illaque
704 3052 819 3085 puncta
833 3056 889 3084 pro
903 3047 998 3088 aequi-

165 3082 348 3115 noctialibus
369 3083 520 3115 habentur
539 3086 571 3115 in
586 3087 700 3127 quibus
717 3088 770 3120 Sol
785 3088 906 3119 videtur
920 3095 998 3120 tem-

1055 1063 1130 1093 pore
1151 1053 1414 1094 aequinoctiorum.
1464 1053 1571 1090 Quare
1593 1060 1686 1094 patet,
1705 1048 1804 1086 stellis
1821 1054 1892 1087 fixis

1056 1096 1291 1136 quiescentibus,
1322 1104 1438 1135 puncta
1470 1097 1696 1137 aequinoctialia
1724 1098 1891 1140 omniaque

1056 1138 1205 1177 eclipticae
1225 1145 1340 1177 puncta
1358 1149 1430 1179 quae
1449 1150 1468 1169 a
1488 1139 1611 1178 punctis
1625 1139 1891 1180 aequinoctialibus

1055 1179 1267 1215 numerantur,
1284 1181 1402 1221 regredi
1419 1191 1473 1211 seu
1488 1181 1520 1210 in
1535 1181 1747 1212 antecedentia
1759 1182 1886 1214 moveri.

1057 1223 1123 1252 Hic
1138 1228 1323 1261 punctorum
1334 1223 1595 1263 aequinoctialium
1607 1233 1763 1263 regressus
1775 1223 1891 1263 pendet

1054 1266 1093 1295 ab
1107 1265 1227 1295 actione
1245 1265 1325 1296 Solis
1338 1265 1371 1295 in
1385 1266 1544 1295 materiam
1558 1266 1598 1296 ad
1613 1271 1714 1305 partes
1728 1266 1890 1306 aequatoris

1053 1306 1287 1343 redundantem,
1301 1307 1355 1338 sed
1369 1314 1400 1338 et
1412 1308 1514 1338 Lunae
1529 1307 1622 1338 etiam
1636 1317 1699 1338 non
1714 1308 1796 1339 leves
1810 1308 1889 1340 vires

1053 1359 1118 1378 esse
1138 1355 1285 1388 possunt3
1308 1349 1382 1380 cum
1397 1350 1481 1380 enim
1498 1349 1591 1380 Luna
1604 1349 1638 1379 in
1652 1349 1801 1389 eclipticae
1821 1350 1888 1390 pla.

1055 1400 1097 1421 no
1111 1397 1166 1421 aut
1180 1401 1243 1421 non
1259 1392 1365 1430 procul
1380 1393 1419 1422 ab
1433 1401 1470 1422 eo
1482 1391 1592 1432 jaceat,
1609 1391 1650 1422 ad
1663 1392 1800 1423 eundem
1813 1402 1888 1424 cum

1058 1432 1129 1463 Sole
1143 1433 1290 1463 effectum
1304 1440 1474 1464 concurret.
1523 1433 1584 1464 Sed
1598 1432 1681 1463 infra
1695 1434 1888 1473 computabi-

1053 1480 1105 1505 tur
1127 1481 1230 1506 motus
1251 1476 1507 1516 aequinoctiorum
1525 1477 1565 1507 ab
1589 1474 1722 1517 utraque
1743 1476 1782 1514 vi,
1808 1476 1888 1509 Solis

1052 1517 1167 1549 scilicet
1181 1523 1212 1548 et
1229 1518 1330 1549 Lunae
1345 1518 1503 1549 oriundus.

1096 1559 1142 1601 (q)
1175 1563 1244 1591 102.
1285 1563 1342 1592 Bis
1369 1562 1516 1592 inclinari
1543 1562 1577 1592 in
1604 1561 1782 1600 eclipticam.
1845 1561 1887 1592 In

1051 1603 1333 1644 semi-revolutione
1350 1603 1485 1633 Telluris
1502 1601 1583 1633 circa
1604 1602 1708 1633 Solem
1729 1613 1749 1634 a
1766 1612 1810 1636 Δ
1831 1614 1888 1643 per

1051 1648 1094 1686 ¹55²
1110 1644 1149 1675 ad
1165 1652 1218 1682 φ,
1235 1645 1316 1676 actio
1332 1645 1411 1675 Solis
1432 1644 1661 1675 inclinationem
1677 1649 1839 1685 aequatorls
1853 1646 1886 1676 in

1051 1687 1222 1726 eclipticam
1245 1688 1386 1718 minuere
1407 1693 1537 1718 conatur
1558 1686 1629 1716 cum
1651 1686 1704 1716 illa
1720 1686 1801 1717 actio
1815 1698 1884 1718 eam

1049 1728 1281 1759 inclinationem
1300 1739 1414 1770 augere
1432 1735 1561 1760 conetur
1580 1739 1598 1758 a
1620 1737 1662 1763 π
1683 1727 1723 1759 ad
1742 1740 1796 1765 Δ,
1812 1730 1885 1761 hinc

1048 1771 1185 1801 maxima
1205 1772 1240 1802 fit
1260 1770 1418 1801 inclinatio
1440 1771 1519 1802 inter
1539 1781 1582 1805 Δ
1602 1778 1633 1801 et
1647 1776 1690 1814 k?
1707 1779 1811 1811 postea
1825 1772 1884 1802 mi-

1049 1813 1156 1848 nuitur
1173 1824 1211 1845 ex
1230 1814 1309 1846 Solis
1323 1814 1442 1845 actione
1457 1813 1588 1846 oriunda
1604 1815 1694 1855 (Cor.
1717 1818 1764 1847 10.
1782 1821 1814 1846 et
1831 1818 1881 1846 18.

1040 2921 1133 2960 Prop.
1154 2920 1284 2951 LXVI.
1307 2920 1375 2951 Lib.
1398 2921 1444 2959 Ι.)
1462 2922 1556 2963 fitque
1570 2921 1728 2953 inclinatio
1741 2921 1795 2952 illa
1807 2921 1867 2951 mi-

1037 2963 1131 3000 nima,
1155 2962 1227 2994 cum
1251 2963 1347 2993 Terra
1368 2970 1413 2993 est
1433 2965 1511 2994 inter
1525 2968 1568 3006 175
1584 2971 1614 2995 et
1629 2971 1683 3001 φ,
1706 2963 1781 2994 cum
1795 2962 1868 2994 vero

1040 3005 1149 3036 Tellus
1163 3007 1242 3035 inter
1257 3013 1297 3042 ‘Y‘
1315 3013 1345 3035 et
1361 3015 1402 3040 Ξ
1420 3008 1566 3045 pervenit,
1582 3017 1687 3037 rursus
1698 3005 1868 3041 restituitur

1040 3047 1215 3086 praecedcns
1236 3048 1393 3079 inclinatio
1416 3049 1522 3090 (ibid.)
1544 3049 1648 3089 sicque
1669 3048 1813 3087 deinceps
1825 3047 1866 3078 si-

1041 3089 1168 3130 mulque
1191 3100 1264 3121 cum
1289 3098 1441 3131 aequatore
1464 3090 1598 3122 Telluris
1616 3090 1682 3122 axis
1698 3090 1862 3122 oscillamr.
