2092 3470
273 195 357 231 300
602 187 957 239 INQUISITIO
989 187 1277 233 PHYSICA
1296 188 1363 232 IN
1395 190 1654 233 CAUSAM

267 306 435 358 indicat,
459 307 493 349 si
513 321 633 363 aquae
651 307 889 363 superficies
910 313 1043 363 supra'
1058 308 1093 349 C
1118 308 1206 363 jam
1227 306 1279 348 sit
1297 306 1466 358 elevata,
1488 315 1576 348 tum
1596 306 1681 348 vim
1700 305 1792 347 fieri
1820 304 1978 363 negati-

267 394 375 430 vam,
407 379 594 436 adeoque
614 395 771 436 ⁴aquam
794 381 1039 437 deprimere.
1102 380 1311 421 Praeterea
1329 380 1431 422 vero
1452 380 1597 422 eadem
1616 378 1859 437 hypothesis
1879 392 1978 420 con-

266 449 455 492 firmatur
483 449 671 506 pluribus
699 451 983 507 phaenomenis
1013 467 1133 507 aquae
1156 451 1294 493 nisum
1313 452 1640 508 respicientibus,
1671 452 1729 494 ita
1748 459 1795 494 ut
1815 452 1869 494 de
1887 452 1978 508 ejus

265 524 436 566 veritate
456 522 634 579 amplius
653 525 814 567 nullum
834 525 1007 567 dubium
1028 525 1218 581 supersit.

323 597 355 647 ᾗ.
373 599 440 638 76.
465 594 674 637 Ponamus
689 597 776 651 jam
795 610 944 652 aquam
963 597 1007 637 in
1029 595 1081 638 M
1101 595 1365 637 constitutam
1384 596 1524 653 urgeri
1543 611 1568 637 a
1583 595 1670 637 solfi
1692 596 1828 647 Lunfi,
1850 603 1975 652 atque

264 671 311 706 ut
331 664 510 707 calculus
531 679 607 721 per
626 681 670 709 se
689 667 886 709 molestus
904 668 1041 709 minus
1060 666 1213 709 habeat
1233 666 1496 719 difficultatis,
1519 667 1572 710 sit
1590 667 1705 709 locus
1729 667 1766 710 C
1784 667 1863 710 sub
1882 669 1975 724 ipso

256 1503 466 1551 aequatore
496 1496 610 1546 situs,
644 1496 861 1552 Lunaeque
880 1495 1100 1538 declinatio
1120 1497 1247 1547 nulla,
1279 1511 1332 1538 ex
1352 1510 1436 1553 quo
1457 1496 1580 1538 Luna
1599 1497 1641 1537 in
1662 1497 1816 1538 circulo
1835 1496 1968 1538 maxi-

255 1582 326 1609 mo
344 1584 421 1624 per
439 1569 521 1611 loci
540 1569 678 1612 zenith
699 1577 938 1611 transeunte
958 1578 1167 1626 aequatore
1183 1569 1337 1611 scilicet
1353 1569 1680 1611 circumferetur:
1704 1570 1756 1611 sit
1772 1569 1810 1611 E
1821 1569 1908 1611 GF
1919 1569 1969 1611 H

255 1641 348 1683 iste?
362 1642 554 1694 circulus,
587 1644 703 1699 cujus
733 1642 872 1684 radius
901 1652 1081 1698 ponatur
1099 1664 1146 1681 =
1160 1649 1206 1698 v1,
1229 1651 1351 1699 atque
1374 1644 1412 1685 E
1435 1644 1470 1685 F
1489 1651 1757 1699 repraesentet
1775 1643 1968 1684 horizon-

255 1718 352 1763 tem,
384 1720 425 1754 et
446 1713 490 1755 G
509 1713 660 1755 zenith.
724 1714 875 1755 Positis
899 1714 976 1764 his,
1009 1714 1062 1756 sit
1082 1715 1207 1755 Luna
1226 1715 1269 1755 in
1292 1715 1333 1756 T
1354 1714 1454 1756 dum
1472 1715 1598 1756 maris
1619 1715 1856 1770 superficies
1875 1729 1968 1756 ver-

255 1794 367 1827 satur
386 1785 430 1826 in
452 1786 517 1836 M,
549 1787 607 1827 ita
629 1794 673 1827 ut
695 1787 731 1828 P
754 1786 795 1827 T
811 1806 857 1823 =
877 1802 905 1842 y
925 1787 1130 1842 exprimat
1150 1787 1285 1828 sinum
1306 1787 1534 1828 altitudinis
1556 1787 1690 1828 Lunae
1711 1801 1835 1841 super
1853 1786 1968 1829 hori-

255 1890 401 1931 zonte3
436 1882 545 1924 unde
566 1883 625 1924 vis
647 1882 783 1924 Lunae
804 1898 918 1925 mare
939 1885 1133 1926 attollens
1154 1886 1232 1926 erit
1256 1905 1301 1919 =
1332 1859 1650 1966 ῙΔἝ-ἔὸ-ῗ-Ῑ)
1663 1910 1710 1927 =
1732 1865 1966 1966 ψ,

936 1999 1046 2041 2b³

977 2061 1060 2109 L.

254 2028 391 2083 posito
411 2027 623 2072 brevitatis
641 2028 774 2086 gratifi
795 2029 822 2069 h
842 2044 924 2084 pro
1124 2031 1252 2072 Hanc
1272 2031 1326 2072 ob
1347 2044 1436 2071 rem
1455 2043 1556 2085 ergo
1576 2028 1814 2083 superficies
1842 2029 1968 2071 maris

253 2170 298 2212 in
319 2170 372 2213 M
392 2171 549 2226 duplici
567 2172 609 2212 vi
629 2172 850 2222 attolletur,
883 2172 1037 2214 scilicet
1056 2172 1096 2214 vi
1115 2194 1161 2213 =
1181 2157 1229 2246 ἑ
1262 2178 1304 2222 -1-
1333 2145 1547 2248 {Uli-21-

1192 2245 1220 2268 O

253 2294 456 2337 ponamus
478 2297 627 2338 aquam
647 2281 691 2322 in
713 2281 766 2323 M
779 2282 867 2337 jam
888 2281 1042 2324 habere
1061 2291 1221 2325 motum
1237 2295 1400 2324 sursum
1415 2279 1631 2329 directum,
1650 2280 1764 2334 cujus
1780 2279 1966 2320 celeritas

253 2359 367 2394 tanta
398 2352 449 2394 sit
479 2361 632 2408 quanta
660 2353 885 2409 acquiritur
914 2353 1033 2408 lapsu
1061 2355 1198 2411 gravis
1228 2368 1282 2395 ex
1310 2351 1530 2394 altitudine>
1558 2363 1598 2401 V,
1635 2358 1757 2406 atque
1786 2351 1967 2406 spatium

1550 2201 1560 2211 .
1636 2167 1766 2220 Qubd
1798 2169 1833 2212 si
1866 2185 1967 2228 ergo

256 2425 309 2468 M
328 2440 370 2467 m
389 2443 435 2461 =
462 2451 514 2458 —
534 2426 563 2467 d
583 2441 601 2467 s
630 2425 887 2481 tempusculo
907 2426 1068 2468 infinite
1087 2442 1218 2483 parvo
1238 2425 1486 2474 absolvatur,
1515 2422 1739 2464 habebitur
1754 2434 1831 2478 per
1848 2421 1967 2478 prin·-

255 2528 363 2584 cipia
381 2527 517 2570 motus
538 2527 567 2569 d
581 2543 607 2569 v
620 2547 666 2564 =
682 2553 740 2561 —
754 2527 782 2569 d
803 2512 927 2623 ss}
953 2534 996 2577 -ι-
1025 2504 1316 2606 {Eg-2).
1391 2526 1601 2568 Ponamus
1639 2522 1768 2579 porro
1802 2513 1966 2581 tempus

255 2641 308 2682 ab
342 2649 437 2682 ortu
469 2640 604 2681 Lunae
632 2639 676 2680 in
706 2639 744 2681 E
767 2640 855 2695 jam
883 2638 1082 2694 elapsum,
1115 2638 1228 2694 quod
1257 2637 1370 2680 arcui
1402 2636 1440 2678 E
1470 2636 1512 2677 T
1546 2643 1607 2677 est
1641 2634 1963 2690 proportionale,

253 2728 343 2754 esse
371 2733 417 2750 =
446 2728 481 2763 z,
517 2726 611 2768 quae
639 2711 774 2752 littera
803 2711 939 2767 ipsum
968 2725 1111 2752 arcum
1142 2709 1181 2751 E
1203 2707 1244 2751 T
1272 2708 1392 2750 simul
1422 2707 1604 2757 denotet,
1635 2706 1714 2748 erit
1731 2721 1760 2762 y
1778 2705 1922 2773 ²51⁸·
1942 2719 1965 2747 z

255 2785 410 2827 scilicet
430 2784 537 2826 sinui
558 2797 676 2826 arcus
706 2798 740 2834 Ζ,
773 2784 855 2825 hoc
875 2783 985 2826 enim
1005 2782 1132 2825 modo
1153 2784 1264 2824 sinus
1285 2797 1333 2823 ac
1353 2781 1516 2823 cosinus
1539 2794 1711 2822 arcuum
1731 2793 1873 2822 sumus
1901 2778 1966 2820 in-

254 2857 454 2898 dicaturi:
485 2856 597 2898 unde
618 2856 773 2898 orietur
797 2862 896 2897 11—
917 2861 942 2896 2
962 2870 989 2911 y
1009 2870 1037 2911 y
1055 2875 1101 2891 =
1123 2869 1205 2896 cos.
1228 2859 1254 2894 2
1274 2868 1309 2903 Z,
1341 2861 1463 2907 atque
1485 2859 1508 2894 3
1530 2867 1558 2908 y
1577 2867 1606 2908 y
1625 2874 1683 2884 -—-
1705 2856 1723 2892 1
1748 2868 1795 2886 =
1815 2851 1840 2903 ᾖ
1862 2873 1921 2882 -

251 2948 741 3021 ἕεοε,’22,ὶιίῃεςιιε(1ν
763 2976 804 2998 =
825 2961 953 3003 —ds
991 2937 1082 3052 (ἓ
1107 2964 1149 3007 -l-
1177 2931 1338 3035 ΞῙ-Ιζ-
1358 2932 1445 3034 {ql-1
1466 2970 1548 2997 cos.
1570 2960 1596 2996 2
1617 2939 1687 3026 z).

317 3079 349 3130 ᾗ.
375 3078 443 3118 77.
477 3071 585 3115 Cum
606 3072 733 3126 igitur
753 3070 1000 3111 elementum
1023 3066 1220 3121 temporis
1242 3066 1293 3108 sit
1311 3084 1357 3102 =
1379 3065 1407 3107 d
1427 3080 1462 3117 z,
1494 3064 1571 3106 erit
1596 3078 1649 3105 ex
1668 3060 1813 3104 natura
1834 3058 1970 3103 motus
