2092 3470
182 208 330 251 Lmen
346 208 587 259 Tannus]
649 205 974 250 PRmclPIA
1005 193 1500 250 MATHEMATicA.
1599 190 1604 195 ’
1787 208 1797 218 ·
1857 215 1881 252 3

174 324 404 382 quadrant3
434 330 476 364 et
494 337 590 379 quae
606 321 739 363 minui
758 336 844 363 non
863 327 1051 377 possunt,
1071 303 1158 362 non
1178 328 1355 375 possunt
1373 321 1536 364 auferri.
1590 323 1715 370 Certe
1735 333 1882 367 contra

174 395 554 450 experimentorum
582 400 769 434 tenorem
798 391 959 433 somnia
986 388 1142 432 temere
1172 389 1451 447 confingenda
1478 405 1564 433 non
1600 403 1710 446 sunt,
1743 409 1823 436 nec
1856 410 1882 437 a

172 473 334 510 naturae
367 463 558 522 analogia
589 463 871 506 recedendum
909 470 986 514 est,
1018 460 1115 508 mim
1138 477 1192 509 ,εει
1221 462 1399 518 simplex
1428 477 1517 505 esse
1555 465 1686 509 soleat
1723 475 1765 509 et
1804 467 1883 509 sibi

124 569 131 573 -
173 552 337 594 semper
355 552 551 580 consona.
612 536 815 579 Extensio
834 550 1058 592 corporum
1076 551 1163 578 non
1181 529 1267 578 nisi'
1281 551 1358 592 per
1376 551 1520 580 sensus
1540 537 1773 591 innotescit,
1803 554 1883 585 nec

169 611 215 653 in
233 610 426 653 omnibus
446 610 646 652 sentitur:
668 610 743 652 sed
763 610 861 666 quia
878 609 1140 652 sensibilibus
1160 609 1353 652 omnibus
1374 611 1584 667 competit,
1607 612 1662 656 de
1679 614 1881 655 universis

169 682 410 727 affirmatur.
470 682 662 738 Corpora
689 681 811 737 plura
830 681 938 723 dura
956 695 1045 723 esse
1065 680 1316 736 experimur.
1377 681 1527 724 Oritur
1546 690 1687 726 autem
1706 683 1879 726 durities

167 755 295 799 totius
315 770 342 796 a
360 754 511 797 duritie
529 754 724 811 partium,
747 761 790 795 et
807 753 906 795 inde
930 768 1018 796 non
1036 752 1189 795 horum
1208 753 1370 796 tantum
1391 758 1619 810 corporum
1639 770 1734 812 quae
1754 757 1879 798 senti·
1936 768 1951 781 ²

167 835 307 879 untur,
337 827 412 869 sed
439 827 617 869 aliorum
646 827 771 869 etiam
800 825 987 868 omnium
1005 825 1229 881 particulas
1248 826 1445 869 indivisas
1465 843 1554 871 esse
1573 828 1700 872 duras
1730 828 1880 870 merito

168 898 466 942 concludimus.
558 899 749 954 Corpora
793 897 934 939 omnia
980 897 1311 953 impenetrabilia
1349 913 1454 952 esse,
1481 913 1565 941 non
1603 901 1766 944 ratione
1805 901 1880 943 sed

167 986 290 1014 sensu
319 971 568 1030 colligimus.
628 971 739 1021 Quae
766 978 1003 1022 tractamus,
1037 971 1368 1026 impenetrabilia
1396 972 1676 1026 inveniuntur,
1712 984 1754 1016 et
1782 975 1880 1016 inde

166 1045 452 1087 concludimus
469 1045 900 1101 impenetrabilitatem
917 1059 1009 1087 esse
1022 1045 1322 1101 proprietatem
1337 1059 1559 1101 corporum
1576 1041 1877 1088 unirersorum.

169 1117 361 1172 Corpora
392 1118 535 1160 omnia
561 1118 732 1161 mobilia
758 1133 861 1170 esse,
893 1126 934 1160 et
963 1117 1120 1159 viribus
1154 1117 1404 1174 quibusdam
1432 1120 1551 1174 (quas
1579 1119 1688 1160 vires
1717 1119 1880 1162 inertiae

165 1190 377 1243 vocamus)
412 1204 678 1245 perseverare
710 1190 754 1232 in
773 1198 891 1232 motu
924 1189 990 1231 vel
1024 1189 1176 1246 quiete,
1208 1204 1262 1231 ex
1291 1189 1406 1231 hisce
1435 1202 1660 1249 corporum
1693 1191 1878 1233 visorum

166 1260 486 1315 proprietatibus
507 1260 752 1318 colligimus.
813 1260 1030 1311 Extensio‚
1051 1260 1238 1311 durities,
1260 1260 1644 1316 impenetrabilitas,
1666 1262 1877 1304 mobilitas

163 1340 205 1373 et
222 1332 284 1374 vis
304 1332 464 1374 inertiae
485 1333 610 1375 totius
631 1334 763 1375 oritur
783 1333 835 1375 ab
848 1333 1110 1384 extensione,
1128 1333 1293 1384 duritie,
1315 1334 1719 1389 impenetrabilitate,
1742 1335 1877 1376 mobi-

161 1403 276 1445 litate
309 1412 352 1445 et
384 1404 539 1445 viribus
573 1404 734 1446 inertiae
761 1404 964 1460 partium:
995 1412 1038 1446 et
1065 1404 1165 1446 inde
1197 1405 1485 1447 concludimus
1514 1421 1658 1448 omnes
1688 1407 1876 1448 omnium

162 1489 385 1529 corporum
417 1482 557 1530 partes
590 1474 781 1516 minimas
814 1475 984 1516 extendi
1017 1483 1059 1517 et
1098 1475 1227 1516 duras
1264 1491 1353 1518 esse
1387 1484 1429 1518 et
1461 1474 1795 1533 impenetrabiles
1835 1486 1877 1519 et

161 1541 333 1587 mobiles
354 1554 396 1587 et
414 1546 568 1587 viribus
589 1545 749 1587 inertiae
766 1545 975 1601 praeditas.
1017 1546 1074 1588 Et
1092 1542 1174 1588 h'oc
1189 1553 1252 1588 est
1265 1545 1580 1589 fundamentum
1598 1548 1876 1605 philosophiae

162 1617 302 1659 totius.
364 1616 499 1658 Porro
529 1631 754 1672 corporum
782 1625 924 1673 partes
953 1617 1103 1659 divisas
1124 1626 1166 1660 et
1186 1618 1265 1660 sibi
1283 1618 1431 1660 mutuo
1452 1620 1667 1679 contiguas
1687 1621 1741 1663 ab
1770 1622 1875 1663 invi-

160 1704 251 1732 cem
270 1689 452 1744 separari
470 1704 606 1745 posse,
629 1704 683 1731 ex
701 1689 988 1745 phaenomenis
1005 1690 1209 1741 novimus,
1233 1698 1275 1733 et
1290 1699 1433 1746 partes
1454 1690 1652 1734 indivisas
1671 1692 1715 1733 in
1734 1701 1875 1748 partes

158 1764 338 1805 minores
367 1762 527 1804 ratione
556 1762 755 1820 distingui
785 1777 906 1818 posse
928 1762 980 1818 (¹³)
1003 1777 1057 1804 ex
1076 1762 1369 1805 mathematica
1390 1771 1550 1806 certum
1580 1772 1655 1807 est.
1717 1765 1874 1807 Utrum

158 1836 257 1879 vero
275 1843 414 1892 partes
434 1836 516 1878 illae
536 1836 742 1878 distinctae
761 1844 803 1877 et
821 1835 1010 1877 nondum
1029 1835 1174 1877 divisae
1200 1851 1276 1892 per
1295 1837 1407 1885 vires
1426 1844 1588 1879 naturae
1607 1837 1738 1879 dividi
1759 1846 1801 1881 et
1820 1838 1873 1880 ab

158 1909 333 1952 invicem
353 1909 536 1965 separari
554 1909 727 1965 possint,
749 1908 955 1950 incertum
975 1916 1050 1950 est.
1113 1909 1175 1951 At
1194 1909 1230 1951 si
1249 1909 1315 1951 vel
1335 1910 1460 1952 unico
1477 1913 1688 1965 constaret
1707 1912 1871 1967 experi-

158 1989 299 2023 mento
318 1981 432 2037 quod
449 1980 653 2036 particula
667 1980 805 2037 aliqua
823 1979 1012 2030 indivisa,
1030 1979 1263 2038 frangendo
1283 1995 1435 2037 corpus
1449 1981 1602 2023 durum
1617 1989 1660 2023 et
1674 1983 1868 2033 solidum,

158 2052 401 2095 divisionem
419 2058 652 2107 pateretur:
685 2051 733 2106 (⁶)
755 2051 1095 2094 concluderemus
1114 2052 1156 2093 vi
1169 2051 1293 2107 hujus
1312 2052 1483 2110 regulae,
1501 2053 1614 2113 quod
1634 2068 1719 2096 non
1734 2054 1869 2097 solum

201 2151 247 2194 (b)
263 2155 315 2183 50.
333 2153 351 2170 ⁶
375 2152 428 2182 Ea·
446 2150 659 2183 mathematica
680 2157 799 2183 certum
819 2157 872 2183 ese.
920 2151 988 2183 De-
1029 2151 1228 2191 agnoscimus
1242 2151 1405 2193 qualitates
1419 2151 1604 2190 essentiales,
1625 2139 1788 2192 doctfin33
1818 2153 1867 2196 ig-

158 2194 394 2226 incastrationes
414 2194 527 2234 passim
548 2194 745 2233 reperiuntur
759 2193 846 2233 apud
865 2203 918 2225 eos
932 2204 990 2224 au·
1031 2204 1180 2225 notamus
1202 2193 1303 2243 plane,
1329 2195 1432 2236 inquit
1452 2195 1517 2232 ille,
1538 2205 1685 2245 quanam
1704 2177 1867 2236 qualitates

159 2244 238 2268 tores
252 2237 306 2278 qui
319 2237 359 2267 de
372 2236 509 2267 materiae
522 2236 728 2267 divisibilitate
745 2242 886 2273 tractant,
901 2243 938 2267 ut
951 2246 990 2266 ex
1031 2246 1106 2266 cum
1119 2233 1250 2277 subjecti
1263 2237 1375 2268 natura
1389 2237 1451 2267 sint
1465 2238 1639 2279 conjuncta
1653 2239 1678 2269 si
1687 2249 1753 2269 rem
1768 2246 1865 2270 meta-

159 2279 523 2311 incommensurabilitaoe
557 2279 660 2310 lateris
693 2279 834 2327 quadrati
863 2285 895 2310 et
922 2279 991 2320 ejus
1032 2278 1156 2319 physice
1170 2285 1363 2318 spectemus;
1379 2279 1483 2311 sedat
1496 2286 1534 2310 ut
1547 2280 1737 2320 experientia
1750 2281 1864 2321 magis-

160 2322 339 2362 diagonalis,
354 2322 410 2353 διο.
1031 2320 1090 2359 tra,
1113 2322 1169 2352 has
1188 2321 1301 2352 aliasve
1321 2322 1484 2363 qualitates
1505 2321 1546 2353 ad
1566 2323 1710 2354 universa
1728 2325 1863 2365 subjecta

202 2365 231 2407 (²
235 2365 248 2405 )
273 2368 290 2385 ³
318 2367 571 2397 Condudcremus
584 2364 720 2405 vihnjus
734 2365 858 2405 regida,
880 2374 937 2395 seu
949 2373 991 2394 ex
1031 2374 1103 2405 quae
1126 2364 1168 2395 ad
1195 2364 1336 2394 eamdem
1365 2364 1493 2396 classem
1521 2365 1684 2397 referimus
1712 2367 1864 2406 pertinere

159 2407 302 2448 analogia
322 2414 440 2438 naturae
460 2417 532 2448 quae
552 2407 683 2446 simplex
704 2417 769 2438 esse
766 2386 867 2438 c'solet
885 2413 917 2438 et
933 2406 991 2437 sibi
1010 2428 1014 2442 2
1033 2406 1310 2446 deprehendamus,
1338 2413 1392 2438 aut
1414 2406 1523 2438 saltem
1547 2407 1588 2438 ad
1613 2409 1718 2439 omnia
1742 2408 1775 2439 in
1792 2419 1862 2449 quoe

159 2460 278 2499 semper
291 2460 435 2482 consona.
470 2451 487 2470 ⁸
506 2450 595 2481 Hinc
608 2455 694 2490 patet
706 2449 880 2481 differentia
898 2450 989 2480 New-
1030 2449 1243 2489 experimenta
1262 2449 1424 2480 instituere
1444 2449 1542 2487 licuit,
1562 2456 1594 2481 et
1614 2461 1666 2481 eas
1687 2451 1863 2482 essentiales

158 2492 334 2524 tonianismi
349 2499 380 2523 et
398 2493 614 2533 Hypothcseos
632 2493 837 2530 Atomorum3
862 2492 988 2524 atomis-
1029 2492 1131 2523 dicere
1155 2491 1268 2522 lubuit.
1316 2492 1404 2523 Hinc
1425 2491 1521 2523 infert
1546 2492 1727 2528 Nemonus,
1750 2493 1862 2525 eadem

158 2542 199 2566 ια’
220 2534 390 2568 necessario
411 2541 443 2566 et
461 2533 669 2576 metaphysice
689 2541 809 2566 atomos
822 2545 888 2566 esse
905 2534 986 2565 indi-
1028 2535 1088 2566 ista
1101 2533 1211 2575 regula
1224 2545 1288 2575 qua
1298 2535 1417 2566 utimur
1429 2534 1526 2575 vulgo
1538 2534 1578 2565 ad
1593 2535 1862 2576 agnosoendasess

158 2577 291 2608 visibiles
325 2578 444 2615 volunt,
473 2583 510 2608 ut
536 2578 599 2608 sint
632 2587 797 2618 corporum
831 2578 986 2616 unioem;
1028 2578 1202 2627 qualitates,
1216 2576 1323 2608 eadem
1339 2578 1433 2608 etiam
1446 2576 1580 2618 regula'
1570 2587 1604 2607 in
1619 2579 1711 2608 rebus
1723 2578 1860 2618 philoso-
1879 2614 1884 2619 ‚

158 2620 397 2660 metaphysicam
420 2621 500 2651 hanc
527 2620 731 2661 quaestionem
758 2621 883 2651 missam
912 2620 987 2651 facit
1028 2620 1126 2660 phicis
1139 2619 1187 2651 uti
1201 2619 1350 2652 debemus
1366 2620 1423 2653 ubi
1441 2618 1633 2659 experientia
1645 2620 1782 2660 quide-n,
1805 2621 1859 2652 sed

160 2663 343 2699 Newtonus,
366 2669 398 2693 et
417 2663 480 2693 huc
501 2663 581 2694 redit
600 2663 668 2704 ejus
688 2664 849 2701 sententia,
875 2663 900 2693 si
923 2663 985 2694 illae
1027 2663 1132 2694 minus
1152 2662 1243 2694 obvia
1269 2673 1305 2694 ac
1327 2662 1456 2705 vulgari,
1486 2662 1618 2693 similem
1646 2662 1859 2694 inductionem

157 2712 258 2744 partes
285 2716 362 2746 quas
392 2705 481 2735 Deus
508 2705 646 2736 condidit
672 2705 825 2742 indivisas,
855 2715 986 2746 quaeque
1028 2705 1188 2737 insumere
1217 2706 1349 2737 dabitur.
1412 2704 1570 2747 Adjungit
1595 2704 1721 2746 quidem
1749 2713 1860 2745 praeter

156 2748 229 2780 ideo
243 2754 316 2778 sunt
331 2757 494 2787 corporum
515 2748 640 2788 physica
658 2748 812 2779 elementa
831 2759 887 2779 seu
905 2749 984 2788 phy·
1027 2758 1096 2779 eam
1116 2748 1338 2786 inductionem,
1360 2754 1543 2779 caracterem
1562 2748 1647 2778 hunc
1670 2749 1857 2789 metaphysi-

157 2791 228 2822 sicae
255 2790 412 2826 monades,
448 2790 620 2831 frangendo
654 2790 872 2829 dividerentur,
910 2797 985 2821 tunc
1027 2801 1109 2827 cum,
1137 2797 1174 2821 ut
1199 2791 1262 2822 illae
1282 2791 1444 2832 qualitates
1468 2790 1590 2821 intendi
1611 2800 1649 2821 ac
1669 2790 1784 2822 remitti
1803 2802 1858 2822 ne-

158 2833 270 2865 exinde
297 2832 407 2868 edocti,
442 2837 645 2863 statueremus
680 2843 732 2863 eas
759 2843 849 2873 posse
877 2833 984 2870 dividi,
1027 2839 1152 2874 queant,
1186 2833 1302 2865 etenim
1330 2832 1491 2874 qualitates
1518 2843 1589 2874 que
1620 2833 1857 2869 remitterentur,

157 2876 290 2916 ideoque
309 2875 439 2906 ulterius
459 2874 648 2915 ulteriusque
664 2875 730 2906 sine
743 2875 806 2906 fine
820 2875 985 2906 divisibiles
1027 2875 1180 2917 gradatim
1194 2875 1303 2908 eadem
1311 2876 1430 2906 ratione
1443 2875 1507 2915 qua
1519 2875 1727 2913 remittuntur,
1743 2876 1859 2908 aboleri

79 2924 90 2929 ⁴
157 2928 223 2949 ωε
243 2917 424 2954 diceremus,
446 2927 572 2948 omne·
581 2917 641 2948 hac
654 2917 694 2948 de
708 2928 742 2948 re
755 2918 906 2949 theoriam
919 2928 986 2949 me·
1028 2924 1160 2958 possent,
1186 2919 1291 2959 sicque
1318 2918 1532 2949 universorum
1567 2928 1731 2958 corporum
1748 2919 1858 2960 ‘qualia

158 2960 348 3000 nphysicam
383 2959 600 3000 experimentis
633 2959 724 2991 facile
756 2967 983 3000 postponentes.
1028 2967 1106 2993 tates
1120 2971 1183 2993 non
1197 2960 1330 3001 amplius
1344 2960 1454 2991 sorem.

158 3002 242 3051 Haec
266 3002 358 3035 etiam
380 3002 484 3035 fluunt
505 3012 543 3034 ex
570 3001 690 3040 bockn,
716 3002 756 3034 de
778 3003 896 3035 ratione
923 3002 988 3045 qua

976 3061 1040 3092 C4
