2092 3470
987 496 1054 528 DE

587 688 917 740 CAUSA
993 687 1452 740 PHYSICA

226 891 626 957 FLUXUS
689 892 814 955 ΕΤ
876 880 1417 954 REFLUXUS
1479 888 1807 979 MARIS,

342 1109 374 1140 A
400 1108 495 1140 D.D.
514 1107 830 1140 MAG-LAURIN
852 1107 1341 1140 MATHEMATchRUM
1366 1107 1694 1146 PROFESSORE,

479 1219 510 1251 E
535 1219 811 1251 SOCIETATE
837 1219 1115 1252 ACADEMIAE
1140 1219 1552 1251 EDINBURGENSIS.

355 1466 599 1521 opinionum
620 1470 835 1506 com-menta
855 1464 958 1505 delet
977 1465 1075 1514 dies,
1097 1469 1257 1505 naturae
1274 1463 1441 1518 judicia
1460 1465 1677 1518 confirmat.

856 1718 1102 1767 SECTIO
1140 1718 1180 1766 Ι.

792 1880 1228 1924 PHAENOMENA.

158 1997 462 2062 PmLosoPm
491 2023 651 2058 motum
676 2016 802 2058 maris
832 2016 1036 2071 triplicem
1054 2017 1154 2058 olim
1175 2025 1433 2075 agnoverunt
1445 2018 1484 2068 *ζ
1518 2017 1728 2067 diurnum,
1749 2031 1866 2058 men-

152 2099 314 2132 struum
334 2097 376 2131 et
395 2103 605 2138 annuum3
634 2096 752 2130 motu
772 2088 924 2130 diurno
942 2104 1057 2131 mare
1084 2089 1150 2131 bis
1171 2090 1344 2147 singulis
1364 2090 1510 2132 diebus
1531 2089 1766 2131 intumescit
1793 2089 1875 2131 de-·

149 2161 336 2218 fluitque,
367 2167 580 2202 menstruo
599 2167 724 2201 aestus
744 2159 788 2200 in
808 2159 984 2216 syzygiis
1014 2160 1279 2202 luminarium
1300 2169 1516 2217 augentur,
1539 2161 1583 2202 in
1604 2160 1865 2217 quadraturis

149 2235 407 2284 minuuntur,
443 2246 583 2273 annuo
618 2230 797 2286 denique
827 2240 952 2272 aestus
990 2230 1140 2287 hyeme
1179 2229 1304 2287 quam
1335 2239 1478 2272 aestate
1516 2230 1623 2273 fiunt
1660 2231 1863 2287 majores:

149 2304 295 2347 verum
313 2303 590 2360 phaenomena
608 2301 701 2344 haec
722 2309 820 2343 sunt
837 2300 965 2357 paulo
984 2299 1214 2343 accuratius
1233 2301 1518 2356 proponenda.

209 2378 244 2420 Ι.
275 2377 423 2420 Motus
452 2375 578 2418 maris
608 2374 785 2416 diurnus
815 2374 1042 2416 absolvitur
1069 2373 1183 2414 horis
1214 2373 1378 2415 circiter
1407 2372 1612 2414 solaribus
1643 2378 1697 2414 24·
1726 2373 1864 2415 minu-

150 2449 284 2505 tisque
312 2448 457 2503 primis
487 2453 557 2498 48,
588 2445 804 2488 intervallo
825 2445 980 2487 scilicet
1007 2443 1204 2499 temporis
1228 2458 1311 2500 quo
1343 2443 1465 2485 Luna
1494 2451 1611 2485 motu
1637 2453 1864 2499 apparente

149 2536 175 2562 a
194 2520 422 2561 meridiano
450 2519 532 2561 loci
561 2518 741 2574 cujusvis
761 2516 947 2574 digressa
966 2516 1020 2558 ad
1040 2516 1218 2558 eundem
1244 2516 1475 2557 revertitur.
1538 2515 1657 2557 Hinc
1686 2516 1862 2559 altitudo

148 2590 275 2633 maris
304 2590 486 2631 maxima
504 2589 709 2647 contingit
739 2587 862 2630 Luna
883 2588 1117 2643 appellente
1137 2587 1190 2628 ad
1216 2587 1360 2629 datum
1382 2587 1507 2629 situm
1528 2596 1718 2642 respectu
1738 2590 1862 2631 meri-

149 2664 263 2706 diani
290 2664 371 2705 loci
397 2663 507 2713 dati3
537 2662 683 2705 verum
701 2662 807 2704 hora
826 2663 972 2704 solaris
1002 2663 1045 2703 in
1066 2677 1190 2719 quam
1211 2662 1357 2704 incidit
1376 2670 1501 2704 aestus
1521 2662 1694 2718 singulis
1713 2663 1860 2707 diebus

147 2738 394 2788 retardatur,
429 2736 576 2778 eodem
608 2735 693 2778 sere
727 2736 943 2778 intervallo
977 2751 1062 2792 quo
1096 2736 1231 2777 Lunae
1266 2735 1464 2790 appulsus
1494 2735 1548 2776 ad
1582 2735 1860 2779 meridianum

145 2811 239 2852 loci.
299 2811 438 2866 Atque
467 2809 536 2850 hic
564 2818 701 2855 motus
725 2808 830 2851 adeo
850 2808 1039 2851 accurate
1068 2809 1121 2850 ad
1145 2817 1305 2850 motum
1335 2809 1471 2851 Lunae
1490 2810 1766 2864 componitur,
1798 2821 1857 2864 ut,

148 2880 377 2923 secundum
412 2881 719 2923 observationes
754 2897 780 2923 a
813 2881 942 2923 celeb.
974 2881 1032 2923 D.
1066 2881 1229 2923 Cassini
1258 2881 1414 2930 afflatas,
1446 2881 1552 2923 ratio
1581 2882 1636 2924 sit
1665 2883 1859 2927 habenda

146 2953 263 2995 horae
292 2953 337 2995 in
366 2967 491 3012 quam
520 2952 666 2994 incidit
692 2967 791 2995 vera
819 2940 1057 3009 conjunctio
1086 2936 1152 2994 vel
1180 2952 1388 3008 oppositio
1411 2953 1532 3005 Solis,
1564 2963 1606 2997 et
1633 2958 1813 3013 aequatio
1833 2974 1858 3000 a

729 3075 848 3107 ‘'Plin.
869 3075 939 3107 Lib.
961 3075 1010 3106 11.
1032 3077 1108 3116 Cap.
1128 3075 1263 3108 XCIX.

964 3132 995 3166 Q
1016 3136 1034 3162 :3
