2092 3470
494 183 748 231 FLUXUS
779 184 861 229 AC
889 142 1232 252 .R132FLUXUS
1262 186 1474 231 MARIS.
1751 192 1834 231 285

131 316 340 365 aequatore
360 308 526 365 quidem
546 306 617 349 ubi
639 309 774 358 Luna,
798 307 892 350 cum
913 317 974 350 est
993 309 1035 349 in
1055 316 1277 364 inquisitore,
1299 310 1480 351 maxima
1502 309 1542 350 vi
1561 308 1729 365 gaudet,
1757 308 1835 349 du-

130 382 246 423 bium
269 389 330 423 est
349 381 520 430 nullum,
544 381 644 436 quin
664 390 788 423 aestus
808 381 976 423 maximi
995 381 1038 422 in
1063 380 1308 436 aequinoctia
1328 382 1493 431 incidat,
1526 381 1691 437 quando
1711 380 1836 422 ambo

127 453 346 494 luminaria
376 453 418 493 in
448 446 657 508 aequatore
688 461 784 494 sunt
813 453 960 507 posita,
993 467 1086 508 quae
1114 452 1258 493 eadem
1287 453 1517 506 proprietas
1538 452 1660 493 etiam
1679 452 1723 492 in
1743 451 1834 492 loca

128 527 182 568 ab
201 533 409 582 aequatore
428 540 514 567 non
534 527 709 569 multum
729 527 872 569 dissita
891 528 1113 583 competit:
1145 535 1187 569 at
1213 528 1257 568 in
1280 527 1381 568 locis
1401 528 1453 568 ab
1474 537 1682 584 aequatore
1700 528 1833 584 magis

127 597 295 638 remotis
325 604 450 638 aestus
478 598 616 647 maris,
648 596 744 639 cum
775 598 898 639 Luna
925 598 1148 640 maximam
1173 598 1298 639 habet
1317 597 1649 648 declinationem,
1680 598 1834 639 dantur

128 668 296 725 quidem
323 670 499 724 majores
528 684 582 711 ex
610 669 762 720 tabula,
779 668 824 724 '§.
848 676 917 712 50.
943 669 1087 712 verum
1106 678 1230 711 aestus
1249 685 1350 711 mox
1375 671 1670 726 subsequentes
1700 672 1832 713 multo

128 749 224 782 sunt
242 740 436 794 minores,
498 741 627 790 Quod
648 742 682 783 si
702 750 839 784 autem
866 743 974 784 inter
1000 743 1120 784 binos
1139 750 1263 784 aestus
1283 758 1308 784 a
1327 742 1449 784 Luna
1471 743 1667 785 oriundos
1688 758 1832 786 conse·

126 819 298 868 quentes
317 811 500 853 medium
519 813 717 867 capiatur,
739 812 895 868 patebit
912 813 956 854 in
976 812 1212 870 regionibus
1235 818 1318 855 30⁰.
1339 813 1393 854 ab
1412 822 1623 869 aequatore
1649 815 1831 865 remotis,

516 890 614 934 225

529 959 556 994 2
577 954 605 995 b

125 910 275 968 quibus
295 919 419 952 aestus
439 918 501 953 est
619 893 645 977 3⁰
669 908 707 954 L
738 913 772 954 si
802 913 935 954 Lunae
955 910 1174 953 declinatio
1195 912 1248 952 sit
1266 911 1393 962 nulla,
1424 919 1572 953 aestum
1601 913 1726 954 maris
1746 927 1831 954 me—

1717 1054 1833 1096 ideo-

1498 1034 1625 1078 2074
1643 1055 1681 1097 L

1524 1103 1550 1138 2
1566 1098 1594 1138 b
1609 1094 1626 1118 ³
1682 1085 1694 1105 '

123 1178 205 1221 que
223 1163 360 1206 adhuc
379 1165 582 1207 minorem
602 1165 726 1222 quam
747 1166 841 1208 cum
863 1168 985 1209 Luna
1004 1175 1256 1224 aequatorem
1275 1176 1400 1209 tenet.
1454 1167 1614 1208 Contra
1632 1167 1732 1209 vero
1753 1168 1831 1209 sub

125 1236 354 1279 elevatione
382 1237 470 1293 poli
490 1244 545 1280 60
565 1238 786 1296 graduum,
809 1248 871 1282 est
889 1248 1014 1281 aestus
1034 1240 1173 1290 maris,
1197 1240 1318 1281 Luna
1339 1248 1527 1281 versante
1546 1239 1590 1280 in
1608 1248 1830 1295 aequatore,

125 1050 254 1102 dium,
277 1051 373 1093 clim
395 1052 517 1094 Luna
536 1052 663 1095 habet
677 1053 995 1096 declinationem
1017 1060 1072 1096 20
1091 1054 1309 1111 graduum,
1332 1055 1420 1096 fore
1434 1075 1480 1092 =

125 1357 172 1374 =
193 1314 323 1418 ⁰37³?
348 1332 400 1386 L’
430 1343 554 1378 aestus
583 1345 722 1379 autem
750 1336 922 1388 medius,
955 1335 1050 1379 clim
1081 1336 1215 1378 Lunae
1244 1334 1464 1379 declinatio
1486 1345 1548 1378 est
1569 1335 1655 1378 20⁰.
1691 1345 1755 1377 est
1785 1356 1830 1374 =

126 1455 255 1500 0⁹926
287 1477 325 1518 L
369 1476 466 1519 ides>
646 1479 656 1487 '
781 1478 820 1521 E
1172 1479 1182 1488 ·
1283 1479 1292 1488 ·
1421 1480 1430 1488 .
1491 1480 1500 1488 .
1682 1479 1690 1487 .
1763 1478 1772 1486 .
1801 1477 1833 1510 ,-

125 1508 245 1558 ‘2‘5‘3'
326 1507 339 1527 θ
468 1492 548 1534 que
576 1492 720 1534 maJor·
820 1494 850 1520 x
877 1493 961 1535 quo
989 1487 1253 1535 conseqmtur
1281 1494 1324 1520 m
1344 1479 1580 1536 regionibus
1607 1479 1714 1534 pohs
1734 1492 1813 1519 vici

124 1590 308 1632 nioribus
337 1600 461 1634 aestus
490 1593 707 1643 maximos,
739 1608 824 1635 non
858 1594 902 1634 in
935 1594 1198 1650 aequinoctia,
1236 1594 1308 1635 sed
1337 1595 1474 1649 potius
1504 1594 1614 1635 circa
1643 1593 1830 1642 solstitia,

125 1660 309 1703 incidere
336 1663 501 1713 debere,
533 1663 615 1720 qua
643 1665 811 1720 quidem
830 1664 874 1706 in
893 1679 940 1706 re
958 1664 1120 1707 theoria
1137 1673 1279 1708 nostra
1306 1680 1382 1721 per
1401 1665 1699 1720 experientiam
1718 1664 1832 1706 miri-

124 1731 204 1775 fice
224 1734 507 1778 confirmatur.

870 1920 1088 1932 “mss-&uu

672 2054 906 2104 CAPUT
941 2053 1291 2112 QUINTUM.

212 2191 293 2239 De
317 2199 517 2254 tempore
539 2192 718 2241 Fluoezis
741 2209 795 2241 ac
817 2164 1042 2257 Refluoeils
1066 2195 1228 2244 Maris
1250 2197 1298 2243 in
1321 2197 1475 2244 eddem
1499 2196 1748 2259 hypothesi.

125 2345 156 2395 §.
178 2347 246 2387 57.
279 2323 579 2400 QUANQUAM
598 2341 642 2382 in
661 2341 914 2396 praecedenti
930 2342 1090 2397 Capite,
1113 2357 1195 2398 quo
1214 2342 1259 2383 in
1279 2343 1546 2399 quantitatem
1567 2341 1690 2385 aestfis
1709 2344 1834 2386 maris

55 2439 58 2441 ·
126 2417 334 2471 praecipue
364 2414 663 2472 inquisivimus,
696 2415 818 2456 etiam
847 2422 1045 2470 tempora,
1078 2414 1226 2471 quibus
1247 2423 1331 2456 tam
1350 2415 1487 2457 fluxus
1507 2414 1632 2472 quam
1652 2416 1833 2457 refluxus

128 2489 301 2538 eveniat,
317 2490 403 2544 jam
424 2488 694 2529 indicavimus
707 2503 720 2536 3
751 2496 890 2529 tamen
909 2488 991 2530 hoc
1013 2476 1159 2544 Capite
1186 2489 1295 2530 istud
1315 2497 1604 2546 argumentum
1623 2488 1754 2530 fusius
1774 2497 1835 2530 at-

128 2574 209 2615 que
238 2558 292 2599 ad
311 2559 626 2613 observationes
656 2559 963 2602 accommodate
991 2575 1299 2617 persequemur.
1359 2561 1678 2602 Observationes
1709 2561 1834 2612 enim,

128 2643 222 2686 quae
252 2629 362 2670 circa
391 2638 537 2670 aestum
555 2630 679 2671 maris
707 2630 865 2671 institui
893 2631 1038 2682 solent,
1069 2632 1123 2673 ad
1152 2632 1231 2673 tria
1249 2646 1403 2688 genera
1422 2631 1751 2673 commodissime
1771 2647 1837 2674 re-

129 2704 344 2753 feruntur3
375 2703 429 2744 ad
458 2719 634 2759 quorum
662 2705 844 2760 primum
871 2705 1050 2760 pertinet
1077 2706 1201 2746 maris
1232 2704 1326 2746 cum
1357 2705 1530 2747 elevatio
1549 2705 1729 2746 maxima
1747 2703 1836 2747 tum

128 2776 311 2818 maxima
342 2775 579 2830 depressio;
607 2783 729 2832 atque
758 2776 962 2817 indicatur
992 2784 1190 2832 quantum
1220 2776 1363 2832 quovis
1394 2784 1497 2817 aestu
1527 2791 1634 2832 aqua
1658 2774 1751 2817 curn
1772 2791 1836 2817 as-

131 2851 279 2893 cendat
307 2849 398 2893 tum
427 2849 661 2891 descendat.
709 2894 713 2901 ¹
735 2850 807 2891 Ad
836 2841 1063 2891 secundum
1098 2850 1431 2891 observationum
1464 2864 1596 2905 genus
1629 2849 1838 2901 numerari

132 2923 323 2964 convenit
356 2937 438 2970 eas,
477 2935 570 2976 quae
604 2919 656 2960 ad
690 2927 852 2976 tempus
889 2921 1126 2976 respiciunt,
1165 2921 1394 2977 quibusque
1424 2920 1630 2971 definitur,
1660 2936 1839 2977 quonam

133 2994 331 3049 temporis
350 3000 561 3034 momento
582 2990 715 3032 ubivis
731 2992 960 3034 Terrarum
979 3008 1084 3049 aqua
1104 2991 1200 3034 cum
1215 3006 1416 3034 summam
1431 2999 1568 3034 teneat
1581 2992 1840 3034 altitudinem

179 3064 260 3096 Vor..
282 3062 355 3094 III.
909 3063 944 3094 X
