2092 3470
666 236 759 279 ἘΤ
789 234 1127 279 REFLUXUS
1160 234 1372 279 MARIS.
1403 264 1413 267 ν-
1786 239 1870 278 213

164 358 354 394 centrum
374 350 587 409 gravitatis
613 350 786 402 moveri,
817 351 919 393 dum
936 350 1019 394 hoc
1037 359 1228 393 centrum
1247 350 1358 392 circa
1375 351 1502 393 totius
1522 350 1754 408 systematis
1773 363 1871 393 cen-

157 432 269 467 trum
289 425 500 482 gravitatis
521 426 571 481 (⁸)
594 424 792 467 continue
811 426 1049 468 revolvitur.

218 497 489 548 Gravitatem,
521 498 680 540 caeteris
708 498 892 553 paribus,
922 496 1278 553 proportionalem
1303 510 1401 548 ‚esse
1433 496 1650 552 quantitati
1683 495 1868 538 materiae

163 568 304 611 eolidae
334 571 533 625 corporis,
565 570 871 612 accuratissima
900 570 1050 612 docent
1078 569 1385 624 experimenta3
1415 568 1622 624 idemque,
1653 583 1677 609 e
1706 568 1867 610 calculo

156 640 370 696 gravitatis
403 655 627 696 corporum
660 640 890 683 coelestium
925 640 1246 695 comprobatum
1290 639 1391 695 quin
1424 637 1668 695 gravitatem
1702 653 1866 694 quoque

159 711 276 766 sequi
295 711 500 753 rationem
519 711 706 753 materiae
725 712 912 767 corporis
932 710 1074 752 versus
1102 709 1216 767 quod
1245 709 1451 766 dirigitur,
1483 723 1537 750 ex
1555 708 1760 763 principio
1780 724 1865 750 me-

159 791 321 825 morato
349 783 521 839 aliisque
550 783 803 840 argumentis
835 783 1055 839 colligitur.
1117 781 1272 823 Similis
1302 788 1364 822 est
1391 780 1497 821 ratio
1523 779 1697 820 aliarum
1715 779 1864 820 virium

153 868 250 909 quae
277 853 322 894 in
350 853 497 896 natura
519 854 797 895 dominantur.
858 853 985 895 Lucis
1004 852 1110 894 radii
1130 867 1198 893 ex.
1219 866 1282 909 gr.
1303 851 1436 908 magis
1456 849 1752 907 refringantur,
1783 865 1864 891 cae-

151 924 251 966 teris
278 924 462 979 paribus,
494 923 578 980 quo
607 924 798 965 densiora
816 931 912 964 sunt
931 937 1106 978 corpora
1126 937 1220 978 quae
1240 922 1486 964 subintrant.
1549 921 1697 962 Terrae
1724 930 1863 976 partes

152 995 295 1038 versus
325 1011 370 1037 se
397 995 545 1037 mutue
574 997 794 1053 gravitant,
825 1011 910 1037 non
937 994 1082 1038 versus
1111 996 1214 1037 illud
1241 1003 1443 1051 punctum
1464 995 1609 1037 fictum
1627 995 1741 1050 quod
1767 1009 1864 1036 cen-

150 1074 264 1111 trum
285 1066 433 1108 Terrae
457 1060 737 1121 appellamusss
768 1067 881 1123 quod
901 1066 996 1108 cum
1015 1066 1165 1108 rationi
1193 1075 1235 1109 et
1261 1067 1463 1123 analogiae
1481 1074 1642 1108 naturae
1661 1066 1713 1107 sit
1730 1067 1864 1107 maxi-

149 1136 218 1179 me
247 1146 589 1189 consentaneum,
619 1146 710 1180 tum
743 1138 1021 1194 pulcherrime
1050 1139 1319 1180 confirmatur
1353 1137 1667 1179 accuratissimis
1701 1138 1863 1193 experi-

150 1209 302 1251 mentis
323 1223 421 1265 quae
451 1209 496 1250 in
514 1209 673 1251 boreali
694 1210 878 1267 Europae
895 1219 1014 1266 parte
1032 1225 1167 1266 nuper
1185 1211 1452 1252 instituerunt
1470 1210 1547 1252 viri
1570 1209 1783 1251 clarissimi
1809 1225 1863 1252 ex

149 1282 380 1324 Academia
412 1283 545 1340 Regia
577 1284 812 1326 Parisiensi.
873 1285 1012 1327 Causa
1039 1284 1251 1342 gravitatis
1281 1288 1571 1340 (quaecumque
1592 1284 1760 1326 demum
1789 1285 1858 1338 sit)

152 1355 235 1397 late
265 1356 531 1406 dominatum
562 1355 739 1414 cumque
759 1357 812 1399 sit
831 1357 993 1399 diversa
1020 1357 1064 1398 in
1084 1357 1255 1398 diversis
1275 1356 1491 1407 distantiis,
1521 1371 1606 1398 non
1627 1364 1690 1398 est
1707 1356 1861 1399 miran-

151 1428 268 1479 dum,
290 1430 379 1485 ejus
398 1430 484 1471 vim
502 1430 684 1485 pendere
703 1445 869 1487 quoque
889 1447 914 1473 a
932 1431 1218 1488 magnitudine
1236 1431 1346 1472 illius
1365 1431 1563 1486 corporis,
1585 1430 1728 1473 versus
1747 1431 1862 1488 quod

148 1498 230 1540 alia
257 1499 444 1554 impellit.
506 1501 702 1543 Fatemur
726 1501 810 1543 vim
838 1501 948 1543 hanc
968 1503 1134 1558 corpori
1158 1502 1331 1544 centrali
1357 1501 1583 1557 improprie
1602 1501 1755 1552 tribui3
1785 1517 1860 1545 ex-

144 1572 263 1627 pedit
282 1572 451 1628 quidem
470 1573 680 1615 brevitatis
700 1573 832 1631 gratia
853 1574 912 1616 sic
931 1574 1060 1631 loqui,
1082 1574 1126 1616 id
1146 1582 1284 1616 autem
1304 1588 1427 1616 sensu
1445 1574 1619 1631 vulgari,
1649 1588 1735 1616 non
1761 1575 1858 1630 phi-

144 1646 360 1702 losophico
379 1655 442 1689 est
461 1647 789 1705 intelligendum.

166 1704 170 1706 ‚
203 1713 316 1759 Haec
335 1717 516 1759 breviter
535 1717 699 1759 tannim
717 1717 788 1760 hic
808 1717 1061 1776 attingimus.
1122 1717 1349 1759 Newtonus
1367 1716 1587 1773 postquam
1606 1714 1859 1763 definivisset

143 1783 228 1830 vim
261 1788 369 1831 Solis
399 1789 454 1830 ad
482 1804 609 1845 aquas
637 1789 870 1831 turbandas
899 1804 957 1832 ex
985 1788 1217 1831 differentia
1246 1788 1436 1831 diametri
1464 1789 1685 1845 aequatoris
1705 1797 1747 1831 et
1765 1791 1856 1832 axis

145 1859 292 1901 Terrae
321 1862 465 1915 (quam
493 1861 854 1915 approximatione
883 1860 1062 1918 quedam
1090 1860 1165 1903 sue
1198 1861 1534 1918 investigaverat)
1565 1876 1642 1916 per
1670 1862 1857 1918 regulam

143 1943 311 1970 auream
341 1928 490 1985 quaerit
516 1929 701 1971 breviter
728 1945 944 1972 ascensum
973 1945 1094 1987 aquae
1118 1945 1171 1972 ex
1199 1930 1242 1972 vi
1273 1930 1380 1973 Solis
1400 1930 1635 1972 oriundum.
1696 1931 1856 1974 Verum

143 2001 329 2058 quamvis
350 2001 524 2042 elevatio
544 2016 676 2057 aquae,
698 2017 793 2058 quae
813 2003 872 2045 sic
889 2004 1044 2059 prodit,
1065 2017 1213 2058 parum
1233 2017 1259 2044 a
1277 2002 1374 2045 vera
1395 2004 1570 2054 differat,
1601 2003 1695 2046 cum
1713 2011 1855 2058 tamen

144 2074 409 2116 Problemata
436 2074 529 2116 haec
549 2074 632 2116 sint
651 2075 804 2117 diversi
829 2076 1006 2133 generis,
1039 2090 1217 2131 quorum
1242 2075 1358 2131 prius
1382 2076 1539 2131 pendet
1558 2091 1583 2118 a
1602 2076 1854 2132 quadratura

142 2147 297 2198 circuli,
326 2149 532 2203 posterius
559 2156 698 2190 autem
719 2164 744 2189 a
763 2148 1013 2205 quadratura
1034 2148 1276 2205 hyperbolae
1297 2164 1368 2190 seu
1387 2149 1658 2206 logarithmis,
1690 2157 1737 2191 ut
1754 2164 1852 2205 pos-

140 2217 207 2260 tea
234 2219 462 2262 videbimus
474 2236 486 2271 ;
519 2220 651 2276 sitque
682 2221 899 2263 dubitandi
926 2221 1042 2262 locus
1070 2235 1125 2262 an
1154 2236 1179 2262 a
1203 2221 1334 2276 priori
1353 2221 1407 2262 ad
1425 2222 1697 2276 posteriorem
1716 2223 1850 2265 eleva-

139 2289 294 2331 tionem
315 2290 686 2342 determinandam,
708 2291 903 2333 transitus
924 2283 1028 2333 adee
1046 2292 1182 2332 brevis
1204 2291 1255 2333 sit
1275 2293 1388 2332 omni
1408 2307 1460 2333 ex
1480 2300 1598 2347 parte
1626 2293 1846 2350 legitimus,

138 2360 206 2403 vel
234 2361 360 2403 etiam
380 2376 434 2403 an
453 2361 676 2404 methodus
705 2361 785 2418 qua
815 2363 993 2420 figuram
1013 2362 1162 2404 Terrae
1185 2362 1427 2404 definiverat
1447 2363 1498 2404 sit
1517 2364 1614 2405 satis
1634 2373 1846 2415 accurata3

139 2429 316 2489 cumque
334 2433 441 2475 vires
462 2433 742 2475 subtilissimae
761 2442 921 2475 motum
940 2433 1065 2474 maris
1092 2433 1339 2488 producant,
1362 2448 1456 2489 quae
1475 2434 1612 2475 nullos
1633 2434 1735 2476 alios
1755 2449 1848 2477 sen-

138 2503 276 2545 sibiles
303 2505 432 2547 edunt
460 2505 643 2557 effectus,
676 2505 782 2548 adee
811 2514 858 2548 ut
888 2506 1094 2547 levissima
1112 2520 1288 2562 quaeque
1307 2507 1350 2547 in
1371 2506 1450 2547 hac
1469 2506 1754 2563 disquisitione
1771 2508 1846 2550 ali-

137 2574 254 2629 cujus
284 2577 483 2618 momenti
513 2591 601 2618 esse
628 2577 790 2632 possint
802 2592 814 2627 3
853 2583 1076 2632 propterea
1105 2577 1335 2617 existimavi
1367 2591 1435 2618 me
1467 2577 1670 2619 facturum
1702 2593 1844 2634 operae

134 2645 341 2701 praetium,
371 2646 408 2687 si
434 2647 556 2689 aliam
585 2649 789 2704 aperirem
807 2648 916 2690 viam
937 2648 1017 2704 qua
1038 2648 1218 2690 calculus
1238 2649 1282 2689 in
1301 2648 1416 2690 hisce
1438 2649 1769 2693 Problematibus
1788 2667 1842 2694 ex

134 2720 329 2777 genuinis
347 2721 560 2777 principiis
580 2722 883 2765 accuratissime
902 2722 1060 2764 institui
1077 2723 1242 2777 poterit.

194 2791 438 2846 Repetenda
464 2792 668 2847 imprimis
698 2802 795 2836 sunt
822 2809 955 2850 pauca
983 2808 1038 2835 ex
1071 2794 1288 2843 Newtono,
1325 2800 1470 2848 postea
1496 2793 1606 2834 viam
1635 2793 1840 2839 diversam

133 2875 366 2917 sequemur.
431 2862 493 2904 Sit
523 2863 562 2904 L
592 2863 729 2916 Luna,
760 2865 803 2907 T
832 2873 1022 2907 centrum
1053 2864 1212 2914 Terrae,
1251 2864 1289 2906 B
1309 2864 1337 2905 b
1370 2864 1543 2918 planum
1576 2873 1700 2908 rectae
1730 2866 1770 2909 L
1797 2868 1839 2910 T

175 2980 221 3022 (²)
240 2982 394 3021 Suspicari
408 2983 480 3014 licet
493 2984 628 3024 aliquam
643 2985 828 3026 obliquitatis
842 2987 960 3027 eclipti-
1002 2986 1094 3018 oriri:
1119 2986 1234 3018 indicio
1250 2985 1307 3016 erit
1322 2986 1402 3016 hanc
1416 2995 1481 3016 esse
1494 2987 1689 3026 phaenorneni
1700 2999 1833 3026 causam,

130 3033 177 3054 cae
192 3024 398 3063 variationem,
417 3026 456 3056 de
476 3025 539 3066 qua
553 3037 654 3057 sermo
667 3033 713 3058 est
726 3028 810 3067 apud
823 3035 961 3059 astrono-
1002 3030 1029 3060 si
1054 3029 1222 3060 constiterit
1247 3028 1332 3058 illam
1355 3028 1553 3059 variationem
1575 3030 1750 3071 analogiam
1771 3030 1834 3062 Cer-

131 3075 207 3102 mos,
237 3076 277 3097 ex
304 3073 392 3099 motu
419 3068 498 3100 Solis
520 3069 602 3100 circa
625 3075 767 3101 centrum
789 3072 963 3110 systematis
1003 3081 1074 3103 vare
1087 3081 1160 3102 cum
1174 3077 1262 3102 motu
1277 3070 1365 3102 Jovis
1378 3071 1572 3110 phmetamm
1584 3074 1723 3106 maximi.
