2092 3470
150 229 299 273 ann
314 231 554 284 Timum]
614 230 936 274 PRINCIPIA
968 230 1461 275 MATHEMATICA.
1793 238 1846 275 93

150 345 301 400 saepius
319 345 375 387 ad
392 345 533 387 littora
551 344 685 400 spatio
700 344 897 387 horarum
917 345 1042 387 trium
1061 344 1236 394 circiter,
1257 344 1323 386 vel
1342 345 1465 387 etiam
1483 346 1665 400 plurium
1684 346 1718 389 si
1737 360 1850 388 mare

149 416 204 458 sit
221 417 433 459 vadosum.

206 489 259 546 (ἢ)
282 489 427 532 Motus
447 497 586 531 autem
603 489 705 541 bini,
727 504 831 547 quos
851 489 1071 532 luminaria
1089 489 1175 530 duo
1195 488 1390 539 excitant,
1420 503 1507 530 non
1527 499 1748 532 cernentur
1766 490 1850 532 dis-

147 560 290 612 tincte,
322 561 397 603 sed
424 569 584 603 motum
613 562 822 619 quendam
850 563 1028 604 mixtum
1047 562 1236 604 efficient.
1297 561 1350 604 In
1371 561 1637 604 luminarium
1657 565 1851 619 conjunc·

146 633 259 675 tione
277 632 344 674 vel
364 633 626 689 oppositione
640 635 943 691 conjungentur
957 649 1101 676 eorum
1116 633 1296 685 effectuS,
1310 641 1352 676 et
1366 642 1638 690 componetur
1658 634 1700 689 (ἰ)
1716 636 1851 677 fluxus

146 713 190 747 et
205 706 390 748 refluxus
409 707 626 749 maximus.
687 704 740 749 In
760 706 1021 764 quadraturis
1043 706 1115 749 Sol
1135 706 1294 749 attollet
1312 721 1462 764 aquam
1480 707 1553 749 ubi
1573 707 1696 749 Luna
1715 707 1852 762 depri-

145 777 235 827 mit,
257 777 542 834 deprimetque
562 777 633 819 ubi
654 778 776 819 Luna
795 777 967 827 attollit3
994 785 1036 819 et
1054 792 1108 819 ex
1127 777 1348 820 effectuum
1367 777 1601 820 differentia
1621 786 1747 819 aestus
1767 793 1853 819 om·

144 851 262 892 nium
290 850 485 892 minimus
515 851 682 893 orietur.
743 851 802 892 Et
829 850 1038 907 quoniam,
1069 841 1324 906 experientia
1353 858 1471 901 teste,
1501 851 1634 906 major
1652 859 1715 892 est
1733 849 1853 891 effec-

145 929 212 964 tus
227 922 377 963 .Lunae
406 920 533 978 quam
563 921 686 972 Solis,
717 921 873 963 incidet
901 936 1020 977 aquae
1049 921 1231 962 maxima
1259 921 1434 963 altitudo
1460 921 1505 962 in
1524 921 1671 963 horam
1691 921 1853 962 tertiam

143 994 333 1036 lunarem
367 995 543 1037 circiter.
603 995 736 1037 Extra
770 994 956 1051 syzygias
989 1002 1031 1035 et
1064 993 1350 1050 quadraturas,
1385 1002 1509 1035 aestus
1546 993 1752 1035 maximus
1784 993 1855 1049 qui

146 1064 233 1106 sols
261 1064 305 1106 vi
342 1064 477 1106 lunari
489 1062 692 1106 'incidere
722 1079 885 1119 semper
914 1063 1086 1106 deberet
1122 1064 1167 1104 in
1204 1063 1352 1105 horam
1381 1063 1547 1106 tertiam
1579 1064 1782 1114 lunarem,
1814 1072 1855 1105 et

145 1134 232 1177 sola
262 1135 387 1177 solari
414 1135 460 1177 in
487 1135 652 1178 tertiam
680 1135 870 1186 solarem,
903 1135 1142 1190 compositis
1168 1134 1323 1176 viribus
1353 1134 1508 1176 incidet
1534 1135 1578 1175 in
1597 1142 1761 1190 tempus
1781 1134 1854 1175 ali-

145 1207 259 1264 quod
278 1207 570 1250 intermedium
590 1207 703 1264 quod
721 1207 856 1249 tertiae
876 1207 1013 1249 lunari
1030 1206 1303 1262 propinquius
1324 1214 1387 1248 est
1397 1221 1409 1255 3
1438 1206 1616 1262 ideoque
1641 1206 1684 1246 in
1704 1205 1855 1247 transi-

144 1285 191 1319 tu
221 1277 356 1320 Lunae
385 1293 410 1318 a
438 1277 615 1335 syzygiis
645 1277 698 1319 ad
727 1277 1013 1334 quadraturas,
1035 1276 1107 1318 ubi
1127 1276 1232 1317 hora
1250 1275 1371 1318 tertia
1391 1275 1536 1317 solaris
1554 1275 1754 1331 praecedit
1773 1284 1856 1317 ter-

145 1349 244 1392 tiam
271 1349 472 1400 lunarem,
502 1348 684 1390 maxima
713 1364 831 1405 aquae
861 1348 1037 1391 altitudo
1065 1347 1276 1404 praecedet
1301 1348 1426 1390 etiam
1455 1348 1620 1390 tertiam
1650 1348 1853 1397 lunarem,
1926 1373 1932 1374 ff

146 1420 273 1477 idque
293 1419 477 1461 maximo
505 1418 726 1461 intervallo
751 1419 878 1474 paulo
896 1427 992 1474 post
1010 1427 1195 1461 octantes
1217 1418 1364 1468 Lunae,
1387 1426 1429 1460 et
1446 1418 1615 1472 paribus
1635 1417 1856 1459 intervallis

149 1501 275 1536 aestus
293 1491 501 1534 maximus
522 1500 715 1548 sequetur
734 1491 880 1532 horam
899 1491 1062 1534 tertiam
1091 1490 1279 1532 lunarem
1298 1490 1343 1530 in
1361 1490 1536 1531 transitu
1556 1489 1692 1531 Lunae
1711 1504 1736 1530 a
1756 1504 1858 1544 qua-

149 1565 328 1607 draturis
347 1565 401 1607 ad
422 1565 624 1622 syzygias,
686 1564 797 1606 Haec
817 1564 873 1605 ita
892 1573 989 1605 sunt
1007 1564 1051 1604 in
1070 1563 1176 1604 mari
1193 1570 1350 1617 aperto.
1410 1561 1521 1603 Nam
1541 1561 1586 1603 in
1605 1561 1718 1602 ostiis
1737 1561 1857 1602 fluvi-

146 1651 271 1680 orum
289 1637 427 1680 fluxus
445 1637 621 1693 majores
643 1637 803 1677 caeteris
821 1635 990 1691 paribus
1010 1635 1167 1677 tardius
1187 1634 1241 1677 ad
1261 1638 1374 1684 ἀκμὴν
1392 1634 1570 1676 venient.

207 1707 399 1750 Pendent
427 1715 562 1748 autem
595 1706 763 1749 effectus
791 1705 1055 1747 luminarium
1076 1720 1130 1748 ex
1152 1719 1298 1747 eorum
1327 1704 1531 1748 distantiis
1551 1719 1577 1746 a
1597 1703 1743 1746 Terra.
1805 1703 1857 1745 In

147 1780 376 1823 minoribus
406 1780 517 1821 enim
545 1779 748 1822 distantiis
778 1780 954 1834 majores
975 1785 1070 1820 sunt
1089 1792 1235 1819 eorum
1254 1776 1438 1828 effectus,
1467 1777 1512 1818 in
1530 1776 1755 1832 majoribus
1775 1775 1852 1816 mi-

148 1840 285 1902 nores,
317 1850 443 1907 idque
473 1848 524 1906 (k)
557 1850 603 1892 in
632 1848 838 1905 triplicata
866 1849 1026 1892 ratione
1046 1848 1343 1891 diametrorum
1363 1847 1663 1903 apparentium.
1723 1845 1858 1902 Igitur

151 1922 225 1966 Sol
244 1930 434 1977 tempore
451 1920 653 1977 hyberno,
675 1920 719 1961 in
739 1920 922 1977 perigaeo
934 1920 1128 1970 existens,
1145 1919 1322 1975 majores
1342 1918 1430 1960 edit
1448 1917 1632 1968 effectuS,
1654 1917 1857 1972 efficitque

148 2003 196 2038 ut
213 2002 339 2037 aestus
358 1995 403 2036 in
423 1994 598 2050 syzygiis
620 1993 663 2045 (¹)
679 1992 805 2048 paulo
820 1994 996 2048 majores
1011 1992 1107 2043 sint,
1129 2000 1170 2034 et
1189 1991 1232 2032 in
1252 1990 1513 2047 quadraturis
1532 1989 1658 2045 paulo
1677 1989 1857 2029 minores

151 2066 327 2122 (caeteris
361 2065 546 2121 paribus)
583 2062 707 2121 quam
740 2072 930 2119 tempore
964 2063 1107 2105 aestivo
1123 2078 1136 2112 ;
1177 2070 1219 2104 et
1250 2062 1374 2105 Luna
1401 2062 1446 2102 in
1472 2061 1657 2117 perigoeo
1686 2058 1856 2115 singulis

152 2136 364 2178 mensibus
393 2135 568 2190 majores
598 2134 678 2175 ciet
706 2142 830 2175 aestus
859 2132 983 2190 quam
1012 2132 1107 2174 ante
1128 2132 1193 2174 vel
1218 2140 1314 2188 post
1332 2132 1421 2174 dies
1441 2130 1690 2187 quindecim,
1721 2130 1793 2170 ubi
1814 2130 1858 2170 in

151 2221 331 2264 apogaeo
350 2214 551 2248 versatur.
611 2205 674 2260 (¹¹²)
698 2203 825 2247 Unde
846 2203 893 2246 fit
912 2211 958 2245 ut
976 2212 1099 2247 aestus
1119 2202 1225 2244 duos
1244 2202 1414 2244 omnino
1432 2200 1604 2244 maximi
1622 2201 1666 2242 in
1681 2201 1856 2258 syzygiis

151 2280 356 2324 continuis
377 2294 421 2322 se
439 2287 586 2320 mutuo
605 2292 691 2319 non
711 2285 946 2333 sequantur.

212 2354 376 2397 Pendet
405 2354 530 2395 etiam
558 2351 726 2394 effectus
756 2350 970 2406 utriusque
997 2347 1210 2390 luminaris
1237 2360 1294 2388 ex
1322 2345 1451 2401 ipsius
1481 2343 1758 2387 declinatione
1786 2360 1857 2387 seu

151 2426 345 2469 distantia
366 2426 419 2468 ab
437 2432 663 2482 aequatore.
724 2423 835 2465 Nam
856 2422 890 2464 si
909 2414 1111 2463 luminare
1134 2420 1177 2460 in
1196 2419 1295 2475 polo
1315 2418 1646 2469 constitueretur,
1676 2417 1859 2460 traheret

151 2497 258 2540 illud
285 2497 467 2555 singulas
496 2511 615 2554 aquae
642 2503 780 2552 partes
811 2501 1060 2544 constanter,
1093 2492 1182 2534 sine
1210 2490 1383 2533 actionis
1403 2491 1635 2533 intensione
1653 2498 1695 2532 et
1713 2491 1858 2532 remis-

154 2569 284 2620 sione,
314 2568 492 2624 ideoque
518 2566 677 2609 nullam
708 2564 847 2607 motus
877 2562 1244 2619 reciprocationem
1276 2562 1414 2603 cieret.
1474 2561 1610 2618 Igitur
1639 2560 1858 2604 luminaria

196 2667 245 2710 (Β)
271 2669 290 2687 ”
317 2668 424 2698 Moms
445 2673 548 2698 autem
572 2668 647 2698 bini.
708 2663 984 2713 Quemadmodum
1069 2661 1117 2704 (Β)
1135 2664 1152 2682 ¹⁸
1168 2663 1212 2694 Ιπ
1226 2659 1378 2702 ινίρὶἰαιτᾶ
1391 2662 1508 2692 ratione
1522 2661 1742 2693 diametrorum
1763 2660 1853 2703 (Cor.

151 2720 266 2750 corpus
286 2709 415 2750 quodvis
435 2709 552 2748 duplici
573 2709 603 2739 vi
624 2708 821 2739 sollicitatum
842 2707 875 2736 in
891 2707 985 2755 'li-nem
1030 2708 1079 2736 14.
1100 2705 1193 2744 Prop.
1214 2703 1345 2752 LXVI:
1368 2703 1446 2753 Lib..
1460 2702 1517 2742 1.).
1627 2745 1636 2753 .
1761 2745 1771 2753 ο
1787 2745 1797 2753 .

153 2753 276 2784 duabus
300 2751 443 2792 progredi
463 2751 579 2792 nequit,
602 2751 656 2782 sed
677 2750 849 2792 conjunctis
870 2750 985 2778 viribus
1070 2747 1110 2788 (¹)
1126 2749 1143 2767 θ
1162 2745 1263 2795 Ραὶιζό
1277 2756 1406 2786 niayores
1419 2751 1490 2794 sant,
1512 2746 1554 2776 ob
1574 2755 1721 2794 rna-ptem
1741 2755 1867 2794 Vinum,

153 2793 433 2845 parallelogrammi
439 2793 649 2846 “diagonalem
677 2793 786 2842 eodem
809 2791 908 2842 ‘mod-o
929 2790 984 2821 de.
1025 2799 1180 2838 summam
1191 2796 1222 2838 gt
1234 2798 1268 2818 m
1274 2788 1476 2860 giigdmtuns
1488 2785 1582 2838 paulo
1595 2796 1730 2818 minore
1742 2790 1782 2819 ob
1795 2798 1856 2838 rm·

153 2838 287 2929 :mmmm
271 2833 986 2921 ”21343?¹{²tss¹i?5{{2⁶¹”gm⁰”²¹¹3÷23‘322?ffi
1026 2840 1271 2916 ”52512232
1285 2836 1858 2921 fitesffssffussuf'ssimmfffiffi'ss‘

153 2923 284 2954 minaria
306 2922 374 2952 hnc
398 2921 462 2951 duo
486 2919 620 2950 excitant
646 2928 711 2949 nou
733 2925 898 2950 cernenmr
921 2917 983 2948 dis-
1027 2917 1221 2958 syzygia-um
1235 2914 1329 2946 altera
1340 2921 1381 2964 ⁸¹⁸.
1393 2914 1474 2945 circii
1488 2924 1667 2955 pengaeum,
1686 2921 1860 2956 astumque

154 2962 262 3002 fincte,
303 2963 357 2994 sed
395 2967 517 2994 motum
550 2961 715 3003 quandam
749 2961 884 2992 mixtum
919 2960 985 2991 effi·
1027 2960 1199 2990 maximum
1227 2958 1398 2998 conjunctus
1431 2966 1506 2988 cum
1542 2956 1614 2988 Sole
1640 2958 1756 2989 viribus
1782 2965 1859 2989 tunc

154 3005 246 3038 ciem.
1027 3001 1174 3040 temporis
1188 3001 1308 3037 excitet,
1331 3009 1453 3031 necesse
1466 3005 1513 3031 est
1525 3006 1563 3030 ut
1578 2999 1610 3029 in
1625 2999 1721 3031 almi
1734 2999 1861 3042 syzygia

198 3047 241 3097 (¹)
257 3050 275 3068 ⁸
291 3049 413 3080 nutu·
434 3053 464 3079 et
484 3046 802 3095 rqfluaeustmazfimus,
823 3051 860 3077 ut
875 3044 948 3086 pote
967 3053 987 3076 e
1028 3050 1164 3093 {eruetur
1187 3041 1456 3095 circapapogoeum
1483 3041 1679 3084 minoresque
1701 3044 1780 3075 vire·
1803 3045 1858 3073 ob-
1923 3055 1926 3058 ⁴

155 3090 268 3121 vinum
283 3090 405 3122 summ&
421 3096 489 3122 tum
503 3098 648 3132 temporis
662 3087 820 3119 anundus,
1028 3092 1133 3121 uncat-

203 3148 284 3180 vox„
304 3147 374 3180 111.
1006 3143 1023 3173 I
