2092 3470
233 209 315 245 242
634 207 720 250 DE
751 208 952 252 CAUSA
984 207 1254 251 PHYSICA
1286 208 1537 252 FLUXUS

231 328 273 360 et
313 334 529 361 ascensum
563 335 682 377 aquae
722 337 775 364 ex
817 323 992 379 utraque
1029 323 1071 364 vi
1109 322 1332 365 oriundum
1361 324 1405 364 in
1434 323 1637 366 distantiis
1665 323 1934 366 luminarium

231 393 508 435 mediocribus
538 394 626 437 fore
653 395 808 451 pedum
839 402 894 438 50
925 411 1020 438 cum
1049 396 1228 438 semisse.
1289 396 1457 439 Harum
1479 397 1630 439 virium
1657 397 1860 439 rationem
1879 410 1935 439 ex
1974 433 1978 440 .

230 466 584 508 observationibus
612 481 641 511 a>
666 467 794 509 celeb.
818 467 981 509 Cassini
1009 467 1052 507 in
1081 467 1174 508 loco
1204 466 1328 523 supra
1356 468 1481 509 citato
1499 468 1632 509 allatis
1653 467 1932 524 quaesivimus.

231 537 390 579 Verum
419 537 515 581 cum
542 547 694 595 praeter
721 540 934 597 generales
965 554 1107 581 causas
1129 540 1217 595 jam
1244 547 1490 582 memoratas
1516 554 1692 595 quarum
1711 539 1860 596 aliquae
1879 539 1934 580 ad

230 609 434 651 calculum
461 610 533 652 vix
560 612 744 653 revocari
772 619 958 666 possunt,
989 610 1081 651 aliae
1100 610 1225 651 variae
1245 625 1299 651 ex
1317 610 1504 651 locorum
1523 610 1616 660 situ,
1642 610 1843 652 vadorum
1870 611 1934 651 in-

230 681 338 732 dole,
369 689 586 723 ventorum
613 683 654 724 vi
683 692 725 724 et
754 681 877 739 plaga
907 681 1147 737 pendentes,
1178 688 1301 722 aestus
1326 681 1451 722 maris
1471 695 1582 721 nunc
1601 681 1789 736 majores,
1819 695 1934 722 nunc

230 754 411 795 minores
440 754 629 804 reddant,
660 769 745 796 non
765 762 827 796 est
845 754 997 795 mirum
1026 753 1060 795 si
1088 753 1194 794 vires
1226 753 1361 794 Lunae
1382 747 1475 808 quae
1494 751 1701 807 prodeunt
1719 766 1773 793 ex
1793 751 1934 793 obser-

229 823 462 865 vationibus
482 824 526 865 in
545 824 645 865 locis
666 824 850 874 diversis,
871 824 938 865 vel
957 825 1000 865 in
1020 823 1166 865 eodem
1185 823 1278 865 loco
1297 822 1468 864 diversis
1487 822 1797 877 tempestatibus
1817 822 1934 864 insti-

229 894 331 937 tutis
361 909 448 935 non
477 893 600 949 plane
629 894 898 935 consentiant.
961 894 1177 948 Computis
1197 893 1322 950 igitur
1343 907 1447 949 quos
1467 892 1520 934 de
1539 892 1800 934 motumaris
1821 906 1875 933 ex
1893 892 1936 935 vi

230 967 367 1010 Lunae
397 966 575 1008 oriundo
603 965 852 1007 instituimus
881 965 1141 1007 recensendis
1175 965 1546 1019 impraesentiarum
1579 978 1664 1006 non
1696 963 1935 1005 immorabi-

228 1053 338 1080 mur.
402 1038 628 1093 Postquam
657 1036 755 1079 ver&
786 1037 1090 1079 observationes
1120 1037 1268 1093 aliquae
1298 1038 1406 1079 circa
1425 1045 1551 1079 aestus
1570 1037 1694 1078 maris
1714 1037 1768 1078 ad
1795 1036 1936 1079 littora

229 1110 438 1152 Americae
457 1116 499 1149 et
519 1108 653 1150 Indiae
674 1107 897 1150 orientalis
917 1123 1018 1164 quas
1039 1115 1316 1163 expectamus,
1338 1108 1392 1150 ad
1410 1123 1556 1149 manus
1575 1107 1851 1162 pervenerint,
1880 1107 1935 1150 de

228 1182 342 1223 hisce
373 1180 514 1232 forsan
546 1178 696 1221 certius
724 1179 970 1235 judicemus.
1046 1178 1326 1221 Observamus
1358 1177 1518 1220 tantum
1550 1187 1673 1220 aestus
1706 1179 1750 1220 in
1782 1178 1935 1220 minori

227 1252 387 1293 ratione
407 1252 645 1293 decrescere
663 1249 795 1291 videri
819 1248 943 1305 quam
963 1248 1169 1304 duplicata
1186 1249 1298 1290 sinus
1319 1249 1607 1304 complementi
1627 1248 1933 1300 declinationis3

229 1323 330 1380 quin
360 1330 401 1364 et
429 1322 600 1378 reliquae
629 1320 754 1362 aestfis
783 1320 896 1377 leges
910 1316 912 1318 ’
925 1319 1137 1377 generales
1165 1334 1218 1360 ex
1246 1327 1362 1361 motu
1388 1334 1506 1375 aquae
1534 1319 1746 1374 reciproco
1770 1328 1934 1375 pertur-

227 1396 392 1437 bantur.
460 1394 544 1436 Sed
563 1407 754 1435 veremur
773 1407 827 1434 ne
846 1392 1015 1434 taedium
1038 1391 1184 1447 pariat,
1216 1391 1250 1433 si
1278 1399 1511 1446 repetamus
1532 1406 1624 1447 quae
1644 1391 1696 1433 ab
1714 1391 1803 1434 aliis
1825 1393 1935 1449 jam-

228 1468 389 1510 dudum
409 1466 560 1508 tradita
580 1474 688 1508 sunt.
730 1464 876 1506 AEstus
897 1464 1076 1506 anomali
1095 1479 1120 1505 a
1139 1464 1325 1505 locorum
1341 1471 1382 1505 et
1395 1463 1571 1505 marium
1591 1463 1671 1505 situ
1690 1463 1935 1522 plerumque

230 1539 413 1594 pendere
433 1537 638 1579 videntur.
699 1535 1020 1579 Observandum
1039 1543 1177 1578 tamen
1197 1550 1250 1577 ex
1275 1535 1433 1577 theoria
1453 1535 1664 1593 gravitatis
1684 1536 1812 1592 sequi,
1842 1537 1935 1579 uni-

229 1624 323 1651 cum
353 1608 514 1652 tantum
543 1616 690 1649 aestum
719 1607 850 1663 spatio
880 1613 935 1648 24·
964 1607 1162 1648 horarum
1193 1607 1433 1664 contingere
1459 1622 1758 1664 nonnunquam
1783 1609 1936 1653 debere

228 1680 274 1721 in
301 1680 401 1721 locis
430 1679 540 1721 ultra
568 1683 622 1721 62
653 1678 830 1735 gradum
857 1677 1097 1729 latitudinis,
1128 1678 1164 1720 si
1191 1677 1460 1733 reciprocatio
1479 1677 1617 1720 motus
1637 1692 1756 1734 aquae
1776 1678 1821 1720 id
1838 1693 1934 1735 per-

172 1798 175 1801 *
231 1752 426 1794 mitteret.
443 1753 468 1776 *²
708 1774 725 1790 b

287 1822 416 1873 Quod
436 1822 469 1863 si
498 1822 674 1878 analysis
695 1822 949 1864 diversarum
970 1837 1186 1865 causarum
1205 1838 1298 1880 quae
1320 1823 1374 1865 ad
1394 1831 1517 1866 aestus
1535 1822 1810 1880 phaenomena
1835 1835 1934 1879 pro-

233 1894 424 1936 ducenda
453 1893 681 1943 conferunt,
713 1896 902 1935 accurate
931 1894 1089 1935 institui
1108 1902 1260 1949 posset,
1282 1894 1324 1935 id
1346 1894 1456 1936 certe
1477 1894 1531 1935 ad
1550 1894 1783 1936 uberiorem
1802 1893 1935 1935 scien—

229 1968 330 2010 tiam
363 1967 512 2008 virium
542 1974 583 2007 et
610 1974 799 2007 motuum
828 1967 1057 2022 systematis
1085 1966 1230 2008 mundi
1258 1981 1344 2008 non
1371 1980 1520 2021 parum
1540 1965 1758 2008 conferret.
1817 1963 1935 2007 Hinc

222 2040 343 2081 *enim
372 2039 472 2080 situs
502 2037 634 2079 centri
662 2038 872 2095 gravitatis
904 2038 1037 2079 Lunae
1067 2046 1109 2079 et
1138 2039 1298 2089 Terrae,
1330 2047 1371 2080 et
1399 2054 1491 2095 quae
1515 2036 1569 2080 ad
1594 2038 1936 2095 aequinoctiorum

230 2112 550 2167 praecessionem
580 2111 739 2167 aliaque
769 2110 1043 2166 phaenomena
1071 2119 1231 2152 naturae
1258 2111 1436 2168 insignia
1463 2119 1661 2167 spectant,
1693 2108 1842 2153 certius
1871 2110 1934 2152 in-

229 2189 500 2223 notescerent.
563 2181 679 2230 Quas
708 2182 762 2222 ob
793 2196 935 2222 causas
965 2181 1156 2223 ascensfis
1185 2197 1303 2237 aquae
1332 2182 1613 2238 quantitatem,
1643 2196 1855 2237 quousque
1881 2193 1935 2222 ex

166 2303 170 2306 ¹
232 2254 414 2295 motibus
451 2253 684 2294 coelestibus
720 2268 811 2294 eam
843 2254 1005 2310 assequi
1039 2254 1145 2304 licet,
1174 2254 1362 2296 accurate
1389 2254 1665 2296 definiendam
1693 2263 1735 2296 et
1761 2254 1933 2295 demon-

229 2324 452 2374 strandam,
483 2324 627 2378 positis
657 2323 817 2380 legibus
845 2325 1055 2380 gravitatis
1086 2340 1179 2381 quae
1208 2340 1262 2366 ex
1290 2325 1642 2367 observationibus
1671 2325 1933 2366 deducuntur

231 2394 302 2451 (de
324 2395 438 2449 cujus
459 2393 581 2434 causa
600 2392 670 2435 hic
689 2408 778 2435 non
797 2403 858 2435 est
879 2394 1108 2436 disserendi
1126 2395 1257 2448 locus)
1278 2396 1522 2451 putavimus.
1585 2395 1776 2452 Cogitata
1794 2403 1932 2436 autem

231 2466 325 2508 haec
357 2466 657 2522 qualiacunque
681 2467 839 2522 judicio
869 2467 1154 2509 illustrissimae
1185 2469 1423 2510 Academiae
1464 2469 1622 2526 Regiae,
1663 2484 1788 2525 quam
1818 2469 1931 2511 omni

233 2537 392 2579 honore
411 2546 452 2578 et
472 2537 697 2579 reverentia
719 2552 881 2592 semper
898 2539 1198 2594 prosequimur,
1219 2539 1407 2580 lubenter
1427 2540 1712 2581 submittimus.

273 2653 291 2672 ὓ
310 2651 356 2683 Sit
376 2651 459 2683 enim
486 2651 588 2682 Lunae
613 2650 776 2682 declinatio
804 2654 844 2681 28
869 2661 917 2692 gr.
942 2658 973 2682 et
998 2651 1058 2683 loci
1100 2652 1214 2683 festum
1234 2658 1279 2683 est
1306 2653 1431 2683 Lunam
1451 2653 1546 2684 semel
1571 2653 1693 2685 tantum
1718 2658 1760 2686 24
1782 2655 1926 2687 hou-amm

228 2693 310 2725 ultra
331 2698 373 2726 62
398 2704 445 2736 gr.
469 2693 575 2725 versus
594 2693 722 2725 eandem
746 2693 881 2736 plagam,
905 2699 936 2725 et
960 2695 1059 2725 mani-
1101 2695 1199 2735 spatio
1215 2694 1276 2726 loci
1290 2695 1383 2737 hujus
1396 2696 1584 2728 horizontem
1598 2697 1757 2739 attingere.
