2092 3470
274 191 334 232 xii
900 193 1347 239 INTRODUCTIO
1781 195 1912 248 [CAP.
1935 194 1972 238 1.

264 307 348 350 culi
381 306 558 362 sphaerae
591 306 761 349 maximi
792 321 870 364 per
902 308 1022 364 polos
1041 308 1244 364 eclipticae
1269 315 1311 351 et
1338 322 1415 364 per
1440 308 1578 350 sIdera
1607 272 1880 358 tisanseuntes,
1907 314 1972 350 at-

263 377 342 425 que
366 377 461 419 idet‘)
485 377 683 433 eclipticae
705 378 1080 434 perpendiculares.
1143 378 1261 421 Hinc
1290 380 1463 421 latitudo
1489 378 1635 432 sideris
1661 386 1726 422 est
1748 384 1874 420 arcus
1894 378 1975 421 cil*-

262 449 344 490 culi
362 448 589 491 latitudinis
607 449 716 491 inter
734 449 851 492 sidus
871 458 913 491 et
931 449 1164 504 eclipticam
1183 449 1450 506 interceptus.
1490 449 1724 504 Longitudo
1744 448 1892 493 sideris
1909 455 1975 494 est

258 533 383 561 arcus
412 519 612 577 eclipticae
632 520 685 562 ab
706 520 861 563 Arietis
890 521 1008 562 initio
1036 519 1179 563 versus
1200 529 1339 563 ortum
1359 536 1434 564 seu
1453 521 1496 562 in
1517 521 1811 577 consequentia
1836 521 1970 579 usque

258 590 314 631 ad
351 590 577 633 latitudinis
617 591 816 634 circulum
855 601 1108 635 numeratus.
1186 594 1394 635 Punctum
1427 593 1729 635 intersectionis
1763 593 1971 650 eclipticae

261 675 358 703 cum
377 661 531 704 circulo
543 662 771 706 latitudinis
787 664 934 707 sideris
954 665 1106 707 dicitur
1125 665 1241 707 locus
1262 665 1420 717 sideris,
1435 665 1662 722 eclipticus,
1685 666 1770 709 sive
1787 666 1906 710 locus
1925 666 1971 709 in

260 731 461 787 eclipticss,
483 733 549 775 vel
568 733 684 777 locus
704 735 759 777 ad
779 735 1010 791 eclipticam
1030 737 1240 781 reductus.
1480 746 1483 749 ’

309 2204 349 2240 8.
383 2197 428 2240 Si
449 2211 526 2252 per
549 2196 688 2239 locum
710 2198 895 2254 quemvis
919 2198 949 2240 S
974 2198 1018 2239 in
1038 2197 1256 2253 superficie
1268 2188 1399 2240 ‘terrae
1419 2196 1595 2240 ducatur
1621 2211 1698 2254 per
1724 2204 1847 2250 terrae
1868 2214 1966 2243 cen-

250 2275 364 2321 trum
385 2268 427 2310 T
445 2268 556 2309 linea
575 2277 688 2310 recta
710 2269 744 2310 Z
768 2269 798 2311 S
820 2268 863 2311 N
884 2283 979 2325 quae
1000 2268 1177 2324 sphaerae
1197 2268 1354 2311 coelesti
1373 2278 1564 2310 occurrat
1582 2262 1626 2309 in
1643 2269 1678 2311 Z
1698 2277 1739 2324 et
1754 2269 1811 2330 N,
1832 2285 1965 2327 punc-

246 2349 335 2381 tum
369 2339 403 2381 Z
434 2338 584 2380 dicitur
603 2339 685 2381 loci
708 2340 738 2382 S
765 2341 898 2382 zenitlz
920 2355 993 2382 seu
1013 2347 1171 2393 vertex,
1199 2346 1242 2381 et
1269 2346 1471 2395 punctum
1503 2339 1548 2381 N
1581 2333 1751 2382 vocatur
1780 2335 1965 2398 ejusdem

245 2411 327 2453 loci
359 2411 493 2453 nadir.
555 2411 744 2452 Horizon
771 2411 968 2453 sensibilis
989 2425 1062 2451 seu
1088 2424 1294 2465 apparens
1324 2409 1407 2451 loci
1440 2410 1483 2461 S,
1506 2417 1569 2464 est
1587 2406 1764 2466 sphaerae
1784 2404 1964 2466 circulus

246 2480 277 2521 h
298 2495 324 2521 v
346 2495 367 2521 r
386 2495 417 2521 x
437 2488 626 2522 centrum
644 2481 802 2523 habens
822 2482 867 2522 in
890 2481 933 2532 S,
955 2488 997 2522 et
1016 2479 1137 2537 polos
1156 2474 1207 2521 in'
1223 2480 1257 2522 Z
1278 2487 1320 2522 et
1340 2475 1400 2522 N}
1444 2469 1634 2537 Horizon
1652 2476 1961 2537 rationalis‘seu

246 2565 369 2592 verus
400 2561 462 2595 est
489 2553 668 2595 circulus
699 2553 749 2595 H
769 2553 811 2594 V
832 2553 873 2594 R
904 2552 963 2603 X,
987 2561 1176 2594 centrum
1201 2551 1359 2595 habens
1379 2553 1422 2595 in
1444 2553 1499 2606 T,
1521 2562 1562 2596 et
1580 2545 1700 2610 polos
1719 2556 1763 2598 in
1784 2556 1818 2599 Z
1838 2565 1880 2601 et
1900 2557 1959 2610 N,

250 2622 428 2680 ide6que
447 2625 654 2667 horizonti
673 2624 857 2667 sensibili
875 2623 1110 2680 parallelus.

308 2696 488 2738 Circulus
516 2698 716 2740 verticalis
744 2706 810 2740 est
837 2696 1016 2739 circulus
1046 2697 1220 2754 quilibet
1249 2697 1453 2740 maximus
1477 2698 1511 2741 Z
1532 2698 1573 2740 V
1593 2699 1638 2742 N
1658 2699 1704 2742 X
1723 2715 1800 2758 per
1817 2698 1957 2745 zenith

248 2767 373 2824 atque
397 2768 518 2810 nadir
537 2779 578 2812 et
595 2785 670 2827 per
690 2770 802 2812 aliud
823 2769 1112 2827 quodcumque
1140 2778 1342 2826 punctum
1362 2770 1406 2812 in
1427 2770 1590 2828 sphaerfi
1611 2760 1957 2830 mundeuz'i'trqn-

245 2838 370 2889 siens,
391 2839 570 2896 ide6que
589 2841 794 2890 horizonti
814 2840 1180 2897 perpendicularis.
1880 2831 1882 2833 -

300 2909 559 2952 Meridianus
588 2921 650 2953 est
679 2913 856 2956 circulus
887 2901 1091 2957 verticalis
1128 2915 1165 2957 P
1190 2915 1223 2957 Z
1247 2914 1290 2957 N
1313 2916 1353 2958 R
1382 2931 1458 2972 per
1486 2916 1605 2973 polos
1631 2916 1778 2960 mundi
1808 2917 1845 2960 P
1864 2926 1954 2978 etp

243 2981 458 3031 transiens,
491 2996 539 3023 ac
571 2983 748 3037 proinde
778 2986 977 3042 aequatori
1006 2985 1359 3042 perpendicularis
1381 2996 1423 3030 et
1442 2987 1618 3031 circulos
1639 3003 1782 3031 omnes
1810 3004 1950 3046 aequa-
