2092 3470
178 255 233 291 90
574 245 1029 291 PHILOSOPHIAE
1061 245 1426 289 NATURALIS
1469 246 1564 298 [DE
1581 246 1743 288 Mmm.
1763 247 1885 289 Svsvr.

119 352 121 357 ,
178 365 282 407 turis
313 369 405 421 (per
428 364 568 406 Corol.
593 370 659 407 10.
684 365 810 419 Prop.
833 363 1018 415 LXVI.)
1051 361 1175 418 quam
1195 362 1239 402 in
1258 362 1458 418 syzygiis:
1491 369 1532 403 et
1560 371 1696 404 motus
1726 363 1886 404 medius

178 436 335 477 tardior
365 436 409 476 in
434 434 636 490 perihelio
663 435 811 476 Terrae
841 437 933 489 (per
956 433 1097 475 Corol.
1120 438 1159 473 6.
1184 431 1309 486 Prop.
1341 432 1527 484 LXVI.)
1550 431 1674 488 quam
1694 433 1738 473 in
1758 434 1886 488 ipsius

178 507 356 562 aphelio.
417 507 557 563 Atque
576 506 644 548 hae
665 514 761 547 sunt
779 505 1077 561 inaequalitates
1098 503 1343 560 insigniores
1363 504 1416 544 ab
1437 506 1684 546 astronomis
1704 513 1872 548 notatae.

238 580 347 621 Sunt
376 578 499 621 etiam
529 579 621 620 aliae
650 577 841 634 quaedam
863 577 914 632 (²²)
935 592 960 618 a
978 576 1186 631 prioribus
1207 577 1451 618 astronomis
1471 591 1557 618 non
1577 579 1804 620 observatae
1823 579 1887 619 in-

177 649 443 706 aequalitates,
476 649 641 705 quibus.
654 656 792 689 motus
821 647 988 689 lunares
1019 646 1123 688 adeo
1150 647 1459 701 perturbantur,
1488 656 1535 689 ut
1553 649 1667 699 nulla
1687 650 1887 692 hactenus

174 722 271 779 lege
299 722 353 764 ad
382 723 569 779 regulam
598 722 778 777 aliquam
797 720 940 761 reduci
968 719 1191 775 potuerint.
1253 719 1505 762 Velocitates
1527 722 1639 762 enim
1659 737 1731 763 seu
1750 731 1887 765 motus

174 791 331 834 horarii
361 792 523 849 apogaei
552 801 594 834 et
622 792 843 832 nodorum‘
859 790 1007 841 Lunae,
1040 798 1082 831 et
1109 790 1337 831 eorundem
1357 791 1622 847 aequationes‚
1644 801 1751 835 ut-et
1770 793 1888 836 diffe-

174 864 308 906 rentia
335 864 443 906 inter
471 863 814 905 eccentricitatem
843 862 1067 903 maximam
1093 863 1136 903 in
1157 863 1332 919 syzygiis
1353 871 1395 904 et
1414 864 1627 905 minimam
1646 865 1691 906 in
1712 866 1888 922 quadra-

174 935 292 986 turis,
315 943 356 977 et
376 934 632 991 inaequalitas
661 949 754 990 quae
774 934 944 975 variatio
960 934 1121 984 dicitur,
1138 941 1341 990 augentur
1368 950 1416 975 ac
1431 934 1718 977 diminuuntur
1733 952 1889 979 annua-

174 1005 250 1046 tim
271 1008 363 1061 (per
385 1006 524 1048 Corol.
550 1011 615 1046 14.
639 1005 766 1060 Prop.
789 1004 974 1057 LXVI.)
1003 1005 1047 1045 in
1066 1005 1270 1060 triplicata
1292 1006 1453 1046 ratione
1474 1005 1664 1048 diametri
1684 1023 1889 1064 apparen-

174 1076 228 1118 tis
263 1076 419 1117 solaris.
494 1076 551 1117 Et
585 1076 756 1117 variatio
790 1082 992 1130 praeterea
1027 1084 1199 1131 augetur
1231 1076 1293 1117 vel
1328 1076 1571 1118 diminuitur
1606 1078 1650 1118 in
1680 1078 1887 1134 duplicata

176 1146 338 1188 ratione
373 1146 569 1200 temporis
599 1147 708 1187 inter
742 1146 1012 1201 quadraturas
1043 1161 1167 1201 quam
1197 1146 1388 1202 proxime
1424 1149 1515 1202 (per
1547 1148 1687 1190 Corol.
1714 1156 1750 1191 1.
1778 1159 1820 1193 et
1845 1157 1886 1192 2.

177 1217 297 1259 Lem.
329 1217 388 1258 X.
420 1223 462 1257 et
494 1216 633 1257 Corol.
669 1222 734 1258 16.
768 1217 894 1270 Prop.
927 1216 1093 1257 LXVI.
1117 1216 1210 1257 Lib.
1243 1216 1295 1268 I.)
1333 1217 1407 1257 sed
1431 1216 1523 1258 haec
1554 1219 1810 1275 inaequalitas
1845 1223 1890 1264 in

178 1287 337 1329 calculo
373 1286 649 1328 astronomico
680 1286 734 1327 ad
763 1286 1112 1341 prostaphaeresin
1153 1287 1288 1328 Lunae
1321 1287 1465 1329 referri
1497 1289 1614 1341 solet,
1646 1298 1688 1332 et
1716 1306 1812 1334 cum
1839 1293 1890 1336 ea

178 1356 389 1398 confundi.

492 1526 872 1568 PROPOSITIO
903 1525 1086 1567 XXIII.
1147 1525 1494 1568 PROBLEMA
1524 1527 1579 1570 V.

206 1648 347 1691 Motus
367 1650 582 1703 inaequales
602 1650 817 1690 satellitum
834 1648 949 1691 Jovis
968 1654 1007 1689 et
1025 1648 1194 1691 Saturni
1212 1663 1239 1689 α
1258 1648 1425 1689 motibus
1444 1650 1652 1692 lunaribus
1672 1652 1857 1692 derivare

238 1783 307 1825 Ex
335 1784 515 1826 motibus
546 1784 681 1825 Lunae
711 1791 865 1825 nostrae
884 1791 1022 1825 motus
1044 1783 1209 1840 analogi
1227 1783 1419 1824 lunarum
1441 1799 1513 1825 seu
1534 1784 1754 1826 satellitum
1773 1785 1890 1827 Jovis

179 1855 238 1896 sic
267 1855 517 1897 derivantur.
579 1855 724 1897 Motus
754 1855 914 1897 medius
945 1855 1152 1897 nodorum
1180 1855 1363 1897 satellitis
1383 1856 1526 1897 extimi
1547 1857 1726 1911 jovialis,
1754 1865 1818 1899 est
1836 1857 1890 1898 ad

176 1934 336 1967 motum
364 1926 547 1968 medium
576 1927 783 1968 nodorum
806 1927 940 1968 Lunae
959 1935 1126 1977 nostrae,
1158 1927 1202 1966 in
1228 1927 1388 1967 ratione
1410 1926 1636 1981 composita
1657 1942 1711 1969 ex
1730 1929 1890 1969 ratione

178 1996 385 2051 duplicata
412 1998 609 2052 temporis
640 1997 841 2052 periodici
872 1997 1020 2038 Terrae
1052 1998 1161 2038 circa
1192 1997 1332 2039 Solem
1358 1997 1412 2038 ad
1441 2005 1605 2053 tempus
1632 1998 1890 2054 periodicum

177 2067 293 2108 Jovis
325 2063 434 2109 circa
466 2068 618 2118 Solem,
650 2075 694 2109 et
723 2068 882 2108 ratione
914 2067 1091 2122 simplici
1119 2068 1319 2122 temporis
1344 2068 1543 2123 periodici
1570 2070 1752 2112 satellitis
1782 2071 1890 2112 circa

179 2139 327 2181 Jovem
357 2140 410 2181 ad
439 2148 602 2196 tempus
630 2141 887 2196 periodicum
908 2141 1044 2182 Lunae
1065 2141 1173 2182 circa
1194 2141 1371 2182 Terram
1393 2144 1484 2195 (per
1507 2142 1646 2183 Corol.
1671 2148 1739 2184 16.
1761 2143 1888 2198 Prop.

179 2210 346 2252 LXVI.
369 2211 463 2253 Lib.
486 2211 539 2264 I.)
572 2211 625 2267 (ι’)
647 2211 826 2268 ideoque
846 2211 965 2252 annis
985 2219 1153 2253 centum
1174 2211 1342 2252 conficit
1361 2212 1495 2253 nodus
1514 2212 1591 2254 iste
1612 2218 1637 2253 8
1657 2227 1720 2269 gr.
1743 2214 1811 2254 24‘
1844 2214 1889 2256 in

222 2338 267 2380 (²)
285 2341 302 2359 ²*
320 2339 353 2370 A
369 2340 523 2379 prioribus
545 2341 726 2371 astronomis
750 2351 814 2371 mm
834 2341 1005 2371 observatae.
1056 2339 1182 2369 Terram
1193 2338 1314 2369 dierum
1324 2319 1454 2370 Γ27.521.
1471 2338 1581 2380 (Prop.
1598 2338 1745 2379 XVII.).
1773 2339 1887 2381 Sump-

179 2380 409 2421 Inaequalitates
423 2382 484 2412 illae
499 2393 575 2422 quas
589 2383 639 2412 hic
654 2393 708 2422 per
721 2389 916 2413 transennam
932 2393 1008 2412 enu·
1053 2381 1152 2422 tisque
1166 2381 1367 2423 logarithmis„
1383 2381 1440 2411 erit
1749 2382 1755 2390 “

170 2424 276 2453 'merat
292 2424 471 2459 Newtonus‚
490 2425 737 2465 aequationesque
751 2435 858 2455 omnes
872 2435 924 2454 seu
942 2434 1008 2455 cor-

178 2465 326 2496 rectiones
341 2466 485 2505 deinceps
499 2467 691 2498 commodius
711 2467 956 2506 explicabuntur,
980 2473 1010 2497 et
1282 2466 1320 2496 L.
1339 2466 1530 2507 (565-2565)
1547 2468 1563 2485 ²
1577 2479 1623 2496 =
1639 2468 1822 2499 5.1251956

178 2507 335 2547 quomodo
358 2509 482 2539 variatio
504 2510 604 2539 Lunae
623 2509 662 2540 ad
680 2507 955 2549 prostraph'aeresim
976 2509 1010 2539 in
1282 2507 1322 2538 L.
1386 2511 1523 2539 16.6880
1578 2521 1623 2538 =
1643 2513 1821 2540 1.2224045

179 2550 298 2580 calculo
326 2551 528 2581 astronomico
557 2551 662 2582 referri
690 2552 796 2587 soleat,
826 2557 1005 2590 exponetur.
1639 2568 1825 2578 —-——

182 2592 318 2623 Vax-latio
332 2599 443 2642 autem.
452 2593 565 2642 dicitur
579 2593 771 2642 inaequalitas
784 2592 838 2623 illa
850 2592 913 2633 qua
928 2593 1010 2642 fit-ut
1261 2592 1422 2634 utriusque
1436 2602 1557 2623 summa
1578 2606 1623 2623 =
1639 2598 1822 2628 6.3475999

178 2635 1009 2719 maumam
1138 2656 1261 2688 Deinde
1279 2657 1321 2730 ἓ-
1341 2657 1822 2734 <⁴³2322123>22313323332

178 2719 349 2756 proximam
378 2720 558 2757 retardetur,
591 2720 623 2750 in
655 2720 791 2751 secundo
825 2720 1008 2750 acceleretur

179 2759 256 2790 dum
278 2762 376 2793 tendit
400 2773 419 2792 a
441 2761 628 2802 quadratura
649 2763 688 2792 ad
712 2762 944 2801 oppositionem,
974 2761 1008 2791 in

178 2802 269 2832 tertio
287 2804 457 2835 retardetur
474 2814 580 2836 rursus
601 2810 632 2836 et
651 2804 684 2834 in
702 2810 812 2846 quarto
828 2804 940 2835 iterum
958 2814 1008 2835 ac-

178 2844 336 2875 celeretur.
1056 2848 1108 2879 Ab
1121 2846 1181 2879 haic
1197 2846 1308 2878 ultima
1321 2850 1517 2880 subtrahatur
1531 2860 1618 2880 sum-

223 2885 267 2928 (ὓ)
285 2889 307 2918 *⁴
324 2889 449 2928 Ide6que
464 2891 557 2921 annis
571 2896 705 2922 centum.
754 2890 892 2928 Tempus
910 2888 1010 2928 perio-
1177 2901 1229 2920 ma
1243 2890 1379 2930 superior
1434 2910 1448 2916 -
1501 2910 1516 2917 -
1568 2910 1581 2918 -
1637 2894 1819 2925 6.3475999

178 2928 284 2959 dicum
301 2928 404 2959 Terrae
419 2930 498 2961 circzi
515 2932 617 2962 Solem
632 2939 678 2963 est
692 2932 813 2962 dierum
828 2934 987 2963 365.2565
996 2943 1007 2969 ;
1634 2951 1819 2960 ——

178 2977 302 3009 tempus
316 2972 503 3010 periodicum
515 2974 537 3005 J
539 2975 602 3004 ovis
616 2973 697 3005 circa.
711 2974 814 3005 Solem
829 2979 873 3004 est
887 2973 1008 3004 dierum
1285 2975 1444 3006 residuum
1459 2976 1516 3007 erit
1573 2976 1612 3007 L.
1637 2979 1818 3009 25625567

178 3016 340 3044 4352.514
361 3015 429 3053 (per
451 3015 557 3045 Phaen.
579 3017 659 3056 IV.)
677 3023 800 3055 ternpus
819 3015 1008 3055 periodicum
1211 3027 1213 3030 ·

179 3054 318 3086 satellitis
337 3054 418 3085 circa
437 3056 549 3087 Jovem
569 3064 613 3088 est
633 3059 754 3088 dierum
780 3061 916 3089 16.6880
943 3060 1012 3099 (per
1100 3059 1159 3090 Cui
1185 3059 1348 3099 respondet
1372 3071 1521 3091 numerus
1545 3065 1670 3091 23058.
1717 3062 1822 3097 Quare
1843 3072 1882 3093 ex

181 3097 292 3128 I’haen.
311 3097 379 3138 ΙΙ.)
403 3104 433 3128 et
454 3103 576 3137 tempus
597 3100 786 3138 periodicum
809 3101 911 3132 Lunae
933 3099 1013 3142 circa
1055 3102 1113 3132 hoc
1134 3101 1253 3132 calculo
1274 3110 1305 3132 et
1326 3103 1468 3144 analogia
1491 3103 1635 3134 Newtoni
1658 3110 1742 3143 patet
1762 3111 1883 3136 motum

1261 2783 1420 2824 utriusque
1435 2795 1557 2816 summa
1577 2798 1622 2815 =
1639 2789 1819 2818 8.7099566
