2092 3470
1824 165 1876 175 w—q.

158 208 265 253 Car.
280 208 366 262 ΙΙ.]
655 208 744 253 AD
775 208 1073 252 TERTIUM
1102 208 1368 253 LIBRUM.
1787 229 1874 258 xxv

153 334 300 369 centro
327 324 475 369 'sideris
502 324 688 368 efficiunt
704 332 833 368 rectae
852 326 895 369 A
917 326 966 377 Q
981 334 1024 369 et
1043 326 1086 368 T
1106 325 1150 376 Q
1170 340 1226 368 ex
1244 326 1369 368 oculo
1389 327 1431 369 A
1452 336 1494 370 et
1512 343 1567 371 ex
1586 336 1731 372 ceum)
1749 338 1874 372 terrae

154 399 198 442 T
215 400 271 442 ad
296 399 442 443 sideris
470 401 660 442 centrum
681 399 726 451 Q
754 400 904 442 ductae.
967 399 1200 443 Parallaxis
1218 399 1449 442 altitudinis
1470 415 1564 456 quae
1583 410 1625 444 et
1646 402 1873 459 parallaxis

152 471 395 528 simpliciter
413 471 578 524 dicitur,
600 473 664 515 est
682 472 917 516 differentia
933 472 1044 515 inter
1062 472 1304 515 distantiam
1326 471 1362 514 Z
1381 471 1423 514 V
1443 488 1469 514 a
1488 473 1626 514 zenith
1648 475 1682 516 Z
1702 490 1757 517 ex
1774 475 1871 518 loco

153 546 196 588 A
215 543 347 588 visam
376 554 419 589 et
445 546 684 588 distantiam
712 561 854 590 veram
876 547 911 590 Z
934 548 979 599 S,
1000 545 1088 590 sive
1108 554 1170 589 est
1189 561 1310 588 arcus
1332 545 1364 588 S
1383 545 1426 587 V
1444 545 1489 586 in
1510 545 1666 588 circulo
1685 546 1890 590 verticali*

152 619 189 662 Z
211 620 243 662 S
263 619 304 662 V
324 620 387 671 H,
417 618 530 662 unde
549 615 814 662 manifestum
833 627 898 663 est
916 619 1178 662 altitudinem
1198 618 1347 662 sideris
1365 633 1507 661 veram
1526 632 1604 674 per
1622 619 1868 674 parallaxim

150 693 282 734 minui
316 701 358 735 et
391 693 478 749 ejus
510 708 536 734 a
569 693 722 735 vertice
753 693 992 736 distantiam
1025 693 1183 751 augeri,
1217 692 1342 750 atque
1372 690 1469 735 ide-‹⁸›
1500 691 1749 748 parallaxim
1777 708 1867 735 esse

149 765 386 808 refi-actioni
406 766 668 808 contrariam.
721 767 951 809 Parallaxis
970 766 1240 809 horizontalis
1260 774 1324 810 est
1342 766 1567 823 parallaxis
1589 766 1636 808 X
1655 766 1701 818 h,
1723 766 1868 808 sideris

151 840 190 881 P
207 840 252 881 in
271 838 487 882 horizonte
508 841 690 882 sensibili
710 841 752 882 A
772 840 803 882 h
822 840 1076 897 apparentis,

178 931 183 934 ·
207 917 276 954 29.
300 911 532 953 Parallaxis
555 912 586 954 S
606 911 648 952 V
667 920 731 954 est
750 926 947 955 mensura
973 911 1117 969 anguli
1138 911 1395 969 parallactici
1414 911 1456 953 A
1478 911 1523 961 Q
1543 911 1598 953 T.
1657 911 1868 969 Jungatur

150 984 192 1026 T
210 985 264 1036 V,
294 991 336 1027 et
361 985 537 1042 angulus
569 992 767 1027 externus
796 985 838 1028 A
860 985 903 1035 Q
926 985 969 1027 T
987 985 1157 1042 aequalis
1188 984 1268 1027 erit
1287 985 1452 1027 duobus
1473 983 1646 1026 internis
1666 984 1866 1039 oppositis

150 1055 194 1105 Q
215 1056 258 1098 T
277 1055 319 1097 V
347 1064 389 1098 et
419 1056 463 1106 Q
483 1056 526 1098 V
545 1056 610 1106 T;
640 1056 713 1100 sed
742 1056 920 1115 angulus
952 1057 996 1107 Q
1017 1057 1120 1099 VT
1149 1055 1235 1099 sive
1256 1057 1299 1099 A
1318 1057 1361 1098 V
1382 1056 1437 1107 T,
1468 1063 1739 1099 evanescente
1760 1055 1802 1097 A
1824 1055 1867 1097 T

147 1135 340 1183 respectu
361 1127 403 1169 T
423 1127 477 1179 V,
499 1127 640 1170 nullus
661 1136 724 1171 est
745 1129 825 1185 (9),
846 1127 948 1186 erg&
967 1127 1146 1186 angulus
1174 1128 1467 1184 parallacticus
1488 1129 1529 1170 A
1552 1128 1596 1178 Q
1617 1126 1671 1178 T,
1693 1127 1865 1184 aequalis

149 1207 211 1242 est
230 1198 384 1257 angulo
406 1198 450 1248 Q
471 1198 513 1241 T
535 1199 590 1251 V,
613 1214 688 1242 seu
710 1200 741 1243 S
762 1200 804 1242 T
823 1200 879 1251 V,
902 1200 1018 1256 cujus
1037 1214 1234 1242 mensura
1253 1208 1316 1242 est
1335 1215 1455 1242 arcus
1478 1200 1509 1242 S
1529 1199 1583 1241 V.

202 2691 271 2728 30.
303 2685 507 2728 Manente
539 2686 686 2728 sideris
720 2701 746 2727 a
781 2692 927 2728 centro
961 2691 1085 2726 terrae
1117 2679 1326 2731 distantia,
1364 2678 1477 2721 sinus
1510 2677 1769 2733 parallaxeos
1798 2684 1874 2721 est,

144 2756 199 2798 ad
230 2757 367 2799 sinum
401 2757 606 2800 distantiae
634 2759 734 2800 visae
763 2757 910 2800 sideris
939 2771 965 2798 a
990 2756 1146 2798 vertice
1175 2755 1220 2795 in
1249 2751 1409 2794 ratione
1439 2749 1535 2792 data
1565 2749 1858 2809 semidiametri

147 2829 307 2872 telluris
337 2830 391 2872 ad
419 2830 655 2873 distantiam
677 2831 822 2872 sideris
843 2846 868 2872 a
888 2837 1034 2872 centro
1054 2836 1190 2870 terrae.
1252 2826 1363 2868 Nam
1382 2826 1426 2866 in
1445 2824 1654 2882 triangulo
1674 2824 1715 2865 A
1738 2823 1782 2873 Q
1803 2822 1855 2873 T,

146 2907 210 2942 est
238 2900 281 2942 A
302 2900 344 2942 T
373 2900 427 2942 ad
458 2900 503 2951 Q
523 2900 588 2955 T,
608 2901 652 2942 in
681 2901 842 2943 ratione
870 2899 986 2943 sinfis
1015 2898 1159 2957 anguli
1188 2895 1441 2956 parallactici
1461 2895 1502 2936 A
1524 2895 1567 2946 Q
1588 2895 1630 2937 T
1651 2893 1724 2937 seu
1746 2894 1855 2936 sinus

145 2971 402 3027 parallaxeos
432 2972 485 3015 ad
515 2959 651 3014 sinum
679 2973 823 3031 anguli
843 2973 886 3015 T
906 2973 948 3015 A
970 2972 1015 3022 Q
1045 2969 1130 3013 sive
1159 2961 1213 3012 ad
1244 2969 1379 3010 sinum
1409 2959 1740 3010 distantiaevisae
1763 2967 1798 3009 Z
1814 2967 1852 3008 V

145 3059 170 3084 a
203 3044 368 3096 vertice,
400 3053 441 3087 et
468 3045 577 3096 ideb,
614 3045 719 3087 datis
751 3046 793 3088 A
825 3045 866 3088 T
896 3053 937 3088 et
974 3045 1016 3095 Q
1046 3043 1101 3096 T,
1134 3042 1231 3084 data
1260 3049 1323 3082 est
1352 3040 1457 3082 ratio
1487 3040 1651 3082 sinuum
1680 3039 1856 3081 illorum.
