2092 3470
247 247 301 285 52

245 354 389 396 diebus
410 356 491 407 2731,
514 353 687 403 circiter,
710 361 900 408 respectu
917 353 1087 402 Terrae3

878 423 1089 474 Quoniam
1108 422 1207 465 vero
1228 424 1363 466 Lunae
1383 426 1492 468 circa
1510 441 1632 468 axem
1653 441 1773 468 suum
1792 427 1948 469 unifor-

243 427 352 468 vitur
372 426 516 467 diebus
537 427 618 478 25}
641 425 817 467 circiter.

648 219 1099 284 PHILOSOPHIAE
1131 236 1491 286 NATURALIS
1534 243 1630 296 [DE
1647 243 1810 288 Mum„
1829 245 1950 287 sm.

1119 352 1296 409 ideoque
1315 362 1503 409 respectu
1523 355 1702 396 fixarum
1725 355 1797 399 Sol
1817 356 1951 398 revol—

242 498 364 538 miter
401 495 644 538 revolventis
682 494 770 536 dies
809 501 1045 535 menstruus
1081 500 1155 543 est,
1197 492 1320 550 hujus
1358 494 1482 537 facies
1524 496 1669 538 eadem
1706 497 1946 539 ulteriorem

242 569 481 614 umbilicum
505 567 616 610 orbis
638 568 723 625 ejus
745 567 792 622 (e)
816 579 978 621 semper
998 563 1191 618 respiciet
1210 566 1538 622 quamproxime,
1559 576 1601 612 et
1617 576 1838 625 propterea
1864 583 1944 625 pro

239 728 332 750 suum
355 728 473 760 gyrare.
520 717 718 749 Macularum
742 715 888 746 solarium
913 714 1063 746 theoriam

238 760 463 801 elegantissime
484 766 692 799 exposuerunt
712 759 824 790 clariss.
845 759 888 789 D.
909 759 959 788 De
980 757 1066 788 Lisle

236 803 271 834 in
286 804 382 834 Libro
396 804 447 834 cui
457 802 575 838 titulus,
594 803 803 832 Monumenta
815 811 885 841 quae
899 800 939 830 ad
957 801 1066 830 Astro-

236 841 349 876 noiniae
366 845 505 886 Physicae
520 851 551 875 et
568 843 772 885 Geographiae
786 852 982 884 progressum
993 852 1065 873 con·

236 887 367 924 ducunt,
390 897 531 928 saepeque
546 887 687 917 laudatus
705 887 747 917 D.
769 885 915 916 cassinus
933 884 966 914 in
987 884 1065 915 Ele-

235 930 348 961 mentis
364 929 596 961 Astronomicis.
631 929 682 960 De
692 927 822 959 maculis
834 926 971 964 Veneris,
984 927 1066 968 ejus-

235 982 296 1013 que
309 972 390 1003 οἱκαὶ
403 982 492 1002 axem
507 971 705 1009 revolutione,
720 969 862 1011 quaedam
876 969 956 1000 inter
970 976 1067 1000 astro-

235 1024 344 1045 nomos
366 1021 412 1045 est
437 1014 494 1052 lis;
517 1025 535 1044 a
559 1014 688 1045 Cassino
709 1018 794 1053 parte
814 1016 856 1043 25
874 1012 956 1042 horis
970 1017 1001 1043 et
1015 1011 1066 1043 20⁴

235 1057 359 1095 absolvi,
375 1067 413 1087 ex
427 1057 549 1087 macula
563 1057 624 1087 sive
638 1056 741 1096 potius
754 1054 916 1094 splendore
930 1054 1066 1096 quodam

184 1121 189 1126 .
233 1098 267 1129 in
282 1099 365 1130 disco
382 1099 511 1130 Veneris
525 1099 653 1129 notabili
666 1098 755 1129 annis
774 1101 862 1133 1666,
883 1101 962 1129 1667
978 1107 1064 1127 com-

233 1147 356 1180 pertum
380 1142 490 1178 fuerat,
513 1151 578 1171 non
602 1141 646 1171 ita
667 1146 771 1171 tamen
792 1138 872 1176 tuto,
894 1139 960 1179 ipse
978 1139 1064 1170 enim

233 1184 381 1214 scribebat
395 1183 434 1215 de
448 1188 536 1213 motu
550 1183 689 1219 Veneris,
701 1182 851 1212 referente
865 1182 962 1221 ipsius
975 1181 1040 1212 filio
1051 1193 1063 1220 ;

232 1228 337 1258 debiles
358 1225 430 1257 adea
452 1232 481 1256 et
501 1225 641 1268 confusas
655 1235 715 1256 esse
737 1226 857 1256 Veneris
875 1226 1011 1256 maculas
1025 1231 1062 1256 ut

234 1279 342 1300 earum
356 1269 496 1299 terminos
510 1266 652 1299 accurate
666 1273 771 1298 notare
784 1277 848 1298 mm
861 1268 958 1303 liceat,
979 1268 1063 1299 unde

230 1317 338 1343 utrum
351 1312 460 1351 aliquis
474 1312 512 1341 sit
535 1311 654 1342 Veneris
668 1315 775 1346 motus,
786 1319 843 1348 per
857 1319 907 1339 eas
923 1310 1064 1340 determi-

230 1364 307 1384 nare
308 1354 437 1395 frustra
537 1354 609 1384 itur.
644 1355 742 1383 Anno
756 1349 828 1382 vero
846 1353 936 1382 1726.
967 1350 1060 1381 D¹¹”⁸.

232 1395 426 1426 Bianchinus
448 1394 587 1426 maculas
610 1394 740 1426 Veneris
763 1393 923 1424 lunaribus
947 1392 1062 1426 similes

228 1435 285 1467 diu
308 1443 353 1468 est
374 1443 561 1477 persecutus
584 1447 752 1477 earumque
773 1435 996 1469 revolutionem
1019 1439 1060 1467 24

229 1479 339 1510 diebus
362 1483 391 1510 8.
405 1480 486 1510 horis
506 1479 621 1511 absolvi
640 1479 778 1516 deduxit,
802 1478 882 1510 circa
896 1488 985 1511 axem
1005 1477 1060 1508 ad-

228 1522 358 1552 modum
371 1521 534 1562 obliquum
547 1521 714 1561 eclipticae;
731 1522 765 1552 in
775 1531 863 1552 suam
873 1527 978 1552 autem
990 1530 1060 1551 sen-

227 1564 356 1594 tentiam
381 1564 482 1595 Duum·
514 1565 679 1600 Cassinum
702 1563 803 1594 filium
829 1573 893 1594 non
918 1562 1058 1600 adduxit,

227 1605 300 1645 quia
313 1607 498 1646 apparentiae
511 1617 531 1637 a
548 1608 620 1638 Dm,
643 1607 818 1637 Bianchino
828 1607 993 1637 observatae
1002 1615 1059 1644 per

227 1654 348 1679 motum
364 1653 404 1679 23
418 1650 567 1680 horarum
579 1649 724 1688 explicari
740 1653 889 1687 poterant,
912 1647 988 1678 dum
1003 1658 1058 1686 pa-

227 1690 322 1721 rentis
335 1692 566 1728 observationes,
582 1701 656 1722 cum
677 1691 837 1731 hypothesi
858 1689 1058 1724 revolutionis

228 1735 270 1763 24
292 1732 413 1764 dierum
435 1739 467 1764 et
491 1737 520 1764 8.
547 1734 692 1764 horarum
711 1732 882 1763 consentire
904 1741 968 1762 nou
988 1741 1057 1770 pos-

226 1781 313 1812 sent3
333 1775 406 1806 hinc
419 1775 548 1816 quaestio
563 1776 596 1806 in
609 1775 713 1806 medio
726 1774 872 1805 remansit
887 1784 950 1805 non
964 1773 1056 1805 facile

226 1817 381 1854 solvenda,
407 1818 539 1849 maculae
563 1818 647 1849 enim
677 1818 809 1849 Veneris
831 1816 955 1847 nonnisi
979 1816 1057 1848 coelo

226 1859 388 1898 purissimo
396 1861 547 1891 observari
557 1866 693 1900 possunt,
707 1866 738 1890 et
745 1859 879 1890 Lutetiae
890 1859 1055 1900 nequidem

225 1911 300 1931 cum
321 1902 464 1933 maximis
487 1903 659 1942 telescopiis
682 1902 779 1933 videri
796 1901 930 1941 potuisse
953 1907 1055 1932 narrat

224 1943 307 1973 idem
322 1944 365 1974 ill.
386 1945 531 1976 Cassinus
546 1945 637 1976 filius.

268 1986 315 2026 (‘)
340 1990 391 2018 76.
417 1989 540 2028 Semper
561 1989 697 2028 respiciet
724 1984 959 2028 quamproxime.
1006 1985 1054 2017 Sit

224 2028 323 2058 orbita
345 2029 448 2059 Lunoe
463 2030 580 2069 ellipsis
597 2032 627 2061 A
645 2030 674 2060 L
692 2030 721 2060 B
741 2029 782 2066 A,
796 2029 831 2059 iu
845 2029 934 2068 cujus
949 2028 1051 2058 umbi-

224 2069 284 2100 lioo
300 2071 330 2101 T
342 2070 460 2102 locatur
476 2072 580 2108 Terra,
604 2072 716 2103 ductus
730 2081 768 2101 ex
782 2071 930 2102 umbilico
949 2070 1053 2102 radius

223 2118 327 2142 vector
347 2123 431 2144 areas
450 2114 597 2154 ellipticas
611 2114 799 2153 temporibus
814 2111 1053 2152 proportionales

224 2153 366 2185 describit
387 2156 496 2199 (Prop.
514 2157 541 2187 I.
568 2156 640 2187 Lib.
659 2157 725 2196 1.);
748 2155 1011 2186 demissis-autem
1032 2166 1052 2186 a

224 2195 345 2228 duobus
366 2199 524 2239 quibusvis
537 2198 571 2229 in
585 2199 725 2238 ellipseos
740 2196 912 2237 peripheria
926 2198 1049 2236 punctis

224 2238 265 2269 ad
279 2239 408 2271 alterum
424 2241 606 2272 umbilicum
625 2241 651 2272 F
665 2240 756 2272 rectis
770 2241 800 2271 L
818 2240 854 2277 F,
870 2240 882 2270 l
899 2239 935 2277 F,
951 2250 1050 2281 angu-

226 2280 276 2311 lus
303 2282 331 2312 L
349 2283 376 2313 F
390 2283 402 2313 1
426 2283 483 2314 erit
497 2282 730 2324 quamproxime
744 2282 783 2313 ad
796 2288 929 2323 quatuor
953 2289 1051 2313 rectos

223 2322 303 2354 sicut
315 2330 437 2365 tempus
450 2336 512 2367 quo
526 2336 615 2356 arcus
639 2326 667 2356 L
682 2326 693 2356 l
715 2336 735 2357 a
757 2324 851 2356 Luna
872 2324 1052 2355 describitur

223 2365 263 2396 ad
277 2366 433 2408 integrum
449 2374 569 2408 tempus
582 2368 772 2408 periodicum
788 2367 900 2403 Lunae,
920 2367 946 2397 si
961 2367 1049 2406 ellip-

222 2407 263 2437 sis
277 2409 316 2439 sit
329 2419 439 2449 parum
453 2411 632 2441 excentrica.
675 2411 750 2442 Jam
762 2409 874 2440 referat
888 2409 918 2439 L
930 2410 969 2439 M
983 2419 1049 2439 me-

222 2450 331 2482 ridiani
344 2452 469 2489 lunaris,
485 2453 543 2484 hoc
558 2459 612 2490 est,
628 2453 734 2484 circuli
751 2462 806 2492 per
819 2461 909 2482 axem
923 2461 1049 2482 conver-

221 2493 315 2524 sionis
336 2495 440 2525 Lunae
461 2495 597 2534 planum,
619 2495 703 2536 quod
717 2494 903 2534 productum
917 2499 1048 2525 transeat

220 2545 275 2574 per
291 2536 327 2574 F,
342 2537 426 2567 idem
440 2538 568 2576 planum
581 2538 614 2568 in
628 2547 825 2578 quocumque
838 2536 944 2566 orbitae
959 2536 1047 2575 ellip-

220 2578 288 2608 ticae
313 2586 428 2617 puncto
447 2580 565 2610 locetur
587 2580 690 2617 Luna,
716 2578 900 2619 productum
924 2588 1048 2619 quoque

219 2629 274 2658 per
301 2621 328 2651 F
352 2622 500 2653 transibit·
556 2622 715 2658 Quoniam
739 2620 823 2651 enim
849 2620 943 2650 Luna
966 2619 1047 2651 circa

219 2671 309 2692 axem
328 2674 421 2694 suum
439 2664 633 2695 uniformiter
646 2663 774 2694 revolvit
787 2662 896 2693 eodem
910 2668 1046 2701 tempore

218 2713 281 2743 quo
308 2705 388 2736 circa
415 2706 573 2737 Tellurem
601 2706 763 2746 periodum
791 2715 879 2735 susm
907 2705 1043 2741 absolvit,

218 2752 301 2784 patet
315 2748 475 2779 meridiani
495 2748 623 2787 planum
638 2748 722 2789 quod
737 2745 833 2778 Luna
846 2747 993 2778 existente
1012 2747 1046 2777 in

220 2787 250 2818 L
271 2789 364 2819 situm
387 2791 416 2821 L
434 2791 471 2822 M
492 2791 656 2827 obtinebat,
679 2790 756 2821 dum
782 2789 884 2820 Lunae
900 2795 1045 2820 centrum

218 2828 304 2860 aliud
319 2832 445 2870 quodvis
467 2839 618 2872 punctum
632 2833 643 2863 1
657 2833 768 2873 attigit,
791 2831 830 2862 ad
844 2831 937 2862 talem
951 2832 1046 2862 situm

192 2893 195 2896 i
217 2871 230 2901 1
247 2872 276 2902 E
292 2874 471 2911 pervenisse,
494 2882 531 2905 ut
548 2874 648 2914 posita
661 2875 673 2906 l
687 2885 720 2905 m
735 2872 882 2914 paralleli
893 2873 933 2904 ad
948 2874 977 2904 L
994 2874 1042 2909 M,

216 2915 351 2955 angulus
372 2926 404 2945 m
419 2916 430 2945 l
450 2917 476 2946 Ε
496 2918 537 2947 sit
556 2917 595 2948 ad
613 2923 744 2958 quatuor
758 2923 856 2947 rectos
869 2916 948 2947 sicut
966 2922 1044 2949 tem-

216 2966 275 2995 pus
289 2966 351 2997 quo
367 2957 460 2988 Luna
473 2959 579 2989 arcum
602 2960 629 2990 L
644 2960 656 2990 l
671 2959 820 2999 percurrit
834 2958 873 2989 ad
888 2958 1044 2999 integrum

216 3005 337 3038 tempus
352 2999 539 3038 periodicum
557 3001 667 3040 Lunae,
691 3001 821 3042 ideoque
843 3001 953 3043 (Prop.
975 3001 1039 3031 XI.

218 3042 289 3074 Lib.
309 3042 348 3073 V.
371 3042 492 3082 Elem.)
514 3044 649 3083 angulus
670 3054 702 3075 m
717 3044 729 3074 l
744 3044 775 3077 E
796 3050 842 3076 est
856 3043 896 3074 ad
908 3049 1041 3085 quatuor

1109 720 1207 745 rectos
1220 714 1300 746 sicut
1322 717 1359 748 L.
1369 717 1396 748 F
1409 718 1422 748 l
1440 718 1480 750 ad
1493 723 1626 759 quatuor
1639 724 1748 756 recto-³,
1763 728 1800 749 ac
1813 718 1943 758 proinde

1108 757 1242 797 angulus
1263 768 1295 787 rn
1310 759 1322 789 l
1339 760 1368 790 E
1390 761 1515 801 aequalis
1529 767 1575 792 est
1588 761 1705 802 angulo
1721 761 1750 791 L
1768 761 1795 791 F
1809 760 1830 797 l,
1853 767 1886 792 et
1898 763 1939 792 ob

1108 805 1205 830 rectas
1228 799 1257 830 L
1275 802 1310 837 F,
1334 802 1346 832 l
1360 812 1394 832 m
1409 803 1570 842 parallelas
1585 804 1700 844 jacebit
1718 803 1729 833 l
1746 803 1775 833 E
1791 803 1824 833 in
1841 802 1938 834 dirce-

1108 847 1177 873 tum
1198 841 1257 882 ipsi
1278 844 1291 875 1
1307 844 1343 882 F,
1361 845 1420 876 hoc
1440 851 1495 884 est,
1521 845 1575 878 ubi
1597 846 1692 878 Luna
1707 845 1742 876 in
1759 845 1773 876 l
1791 851 1936 884 versatur,

1287 984 1522 1166 effi

1268 1499 1395 1623 e

1095 1816 1232 1857 ejusdem
1246 1815 1407 1848 meridiani
1421 1815 1550 1855 planum
1564 1815 1648 1856 quod
1662 1816 1695 1846 in
1710 1816 1803 1857 priori
1818 1817 1879 1849 situ
1893 1817 1922 1850 1.

1094 1859 1281 1898 productum
1301 1859 1471 1890 etiamnum
1486 1858 1594 1889 transit
1614 1868 1670 1898 per
1688 1859 1724 1890 F.
1769 1859 1875 1896 Quare
1889 1861 1924 1891 in

1093 1912 1288 1943 quocumque
1299 1901 1414 1932 lunaris
1423 1900 1531 1931 orbitae
1541 1907 1657 1939 puncto
1666 1907 1807 1932 centrum
1820 1903 1922 1934 Lunae

1093 1950 1241 1981 occurrat,
1264 1943 1449 1983 productum
1463 1942 1603 1984 ejusdem
1616 1943 1778 1975 meridiani
1792 1944 1921 1984 planum

1091 1987 1200 2017 transit
1213 1997 1267 2026 per
1283 1986 1320 2017 F.

1136 2029 1198 2059 His
1212 2027 1374 2069 praemissis
1387 2033 1471 2067 patet
1481 2027 1610 2059 eandem
1622 2027 1686 2059 fere
1699 2028 1800 2059 Lunae
1807 2029 1919 2061 faeiem

1091 2081 1211 2111 semper
1231 2071 1271 2102 ad
1294 2072 1422 2102 Terram
1437 2070 1572 2101 converti
1592 2070 1776 2111 easdemque
1790 2071 1855 2102 fere
1869 2072 1919 2103 lu-

1091 2123 1179 2145 nares
1205 2113 1343 2144 maculas
1377 2113 1560 2143 observator-i
1594 2114 1727 2144 terrestri
1763 2123 1914 2153 apparere.

1093 2155 1176 2187 cum
1194 2156 1281 2186 'enim
1302 2155 1489 2195 productum
1513 2155 1650 2196 ejusdem
1671 2156 1831 2186 meridiani
1852 2157 1918 2195 pla-

1090 2208 1168 2229 num
1188 2209 1244 2238 per
1263 2198 1396 2229 alterum
1416 2197 1523 2228 orbitae
1544 2197 1659 2228 lunaris
1671 2197 1776 2228 focum
1794 2198 1821 2228 F
1834 2205 1903 2229 tran

1090 2246 1163 2278 seat,
1179 2241 1279 2282 sitque
1293 2240 1409 2271 lunaris
1422 2241 1519 2270 orbita
1533 2249 1642 2279 parum
1656 2240 1835 2278 excentrica,
1855 2241 1915 2272 hoc

1090 2289 1144 2320 est,
1161 2293 1226 2313 non
1240 2283 1376 2313 multum
1390 2282 1503 2312 distent
1515 2281 1653 2312 umbilici
1668 2282 1694 2312 F
1707 2288 1737 2313 et
1753 2283 1791 2319 T,
1807 2283 1915 2313 eadem

1089 2324 1319 2366 quamproxime
1335 2325 1437 2355 Lunae
1451 2324 1544 2354 facies
1560 2324 1664 2354 Terrae
1677 2325 1852 2355 obvertitur.
1881 2326 1915 2356 Si
1960 2322 1965 2325 “

1089 2367 1161 2398 vero
1175 2366 1316 2398 accurate
1330 2366 1492 2397 observatis
1506 2366 1665 2396 lunaribus
1683 2367 1823 2407 maculis,
1846 2367 1914 2398 Lu-

1088 2419 1138 2439 nae
1152 2411 1245 2440 facies
1258 2409 1298 2440 ad
1314 2410 1442 2440 Terram
1461 2418 1606 2439 conversa
1618 2408 1799 2449 diligentius
1812 2410 1912 2440 consi-

1087 2452 1216 2488 deretur,
1240 2461 1303 2483 non
1325 2450 1431 2482 eadem
1449 2449 1575 2490 praecise
1589 2451 1682 2482 facies
1695 2461 1714 2482 a
1727 2452 1816 2483 nobis
1829 2451 1914 2483 vide.

1086 2494 1178 2525 bitur.
1227 2494 1384 2530 Quoniam
1405 2493 1489 2524 enim
1507 2493 1645 2533 ejusdem
1663 2493 1826 2525 meridiani
1846 2494 1914 2534 pla-

1085 2546 1164 2567 num
1185 2537 1215 2567 L
1232 2537 1269 2566 M
1291 2546 1355 2566 non
1376 2534 1416 2566 ad
1439 2535 1566 2566 Terram
1588 2536 1627 2573 T,
1649 2536 1703 2566 sed
1724 2536 1764 2568 ad
1781 2536 1913 2568 alterum

1086 2578 1191 2609 focum
1216 2579 1241 2609 F
1262 2578 1414 2619 dirigitur,
1435 2583 1518 2616 patet
1541 2578 1643 2608 Lunoe
1664 2578 1697 2608 in
1713 2578 1742 2609 L
1757 2579 1915 2618 existentis

1084 2621 1334 2660 hemisphaerium
1348 2631 1366 2650 e
1382 2619 1508 2651 Tellure
1519 2620 1550 2651 T
1559 2620 1669 2658 visum,
1685 2620 1913 2661 aliquantulum

1085 2674 1150 2694 esse
1170 2663 1324 2694 diversum
1345 2664 1384 2694 ab
1405 2662 1459 2692 illo
1472 2661 1556 2702 quod
1574 2662 1704 2700 videtur,
1725 2663 1802 2694 dum
1818 2663 1912 2697 Luna

1084 2706 1234 2744 reperitur
1256 2705 1291 2736 in
1315 2705 1346 2742 l;
1380 2714 1453 2735 nam
1477 2714 1547 2743 pars
1570 2705 1774 2745 hemisphaerii
1796 2705 1912 2738 lunaris

1084 2758 1188 2778 versus
1201 2748 1326 2788 plagam
1343 2747 1371 2778 B
1382 2757 1452 2787 quae
1466 2746 1558 2777 antea
1570 2747 1780 2782 occultabatur
1791 2747 1828 2780 fit
1836 2757 1912 2779 con-

1084 2789 1199 2828 spicua,
1222 2796 1254 2821 et
1273 2787 1378 2820 contri!
1401 2799 1469 2828 pars
1488 2789 1693 2829 hemisphaerii
1706 2789 1831 2821 alterius
1843 2800 1908 2822 ver.

1084 2831 1138 2863 sus
1166 2833 1197 2863 R
1218 2842 1289 2872 quae
1310 2831 1401 2862 antei·
1423 2833 1593 2870 apparebat,
1618 2832 1716 2863 oculis
1737 2833 1910 2872 evmescit5

1085 2881 1188 2904 motus
1212 2875 1262 2905 hic
1286 2874 1388 2905 Lunae
1409 2884 1427 2904 e
1449 2874 1477 2904 T
1479 2873 1546 2904 erra
1564 2884 1720 2914 apparens,
1741 2884 1805 2914 quo
1823 2874 1858 2906 fit
1875 2881 1913 2906 ut

1085 2917 1228 2957 quaedam
1247 2916 1378 2947 maeulae
1399 2916 1431 2946 in
1454 2922 1571 2956 partem
1585 2927 1604 2948 a
1621 2916 1716 2948 Terra
1729 2927 1865 2950 aversam
1879 2927 1912 2950 se

1085 2958 1240 2998 recipiant.
1263 2959 1340 2990 dum
1361 2958 1429 2989 aliae
1446 2968 1485 2989 ex
1505 2965 1590 2998 parte
1603 2957 1707 2990 aversa
1720 2959 1752 2989 in
1767 2968 1913 2999 conspec-

1086 3007 1155 3031 tum
1179 3000 1341 3040 prodeunt,
1365 3000 1486 3032 libratio
1511 3001 1613 3032 Lunae
1632 3001 1666 3031 in
1685 3001 1914 3047 longitudinem

1086 3043 1266 3083 appellatur.
1314 3042 1525 3075 Librationem
1547 3044 1627 3076 hauc
1647 3044 1694 3076 bis
1718 3044 1752 3074 in
1776 3044 1914 3085 quolibet

1492 1707 1530 1743 Β
