2092 3470
225 236 279 273 34·
616 228 1066 274 PHILOSOPHIAE
1099 229 1458 273 NATURALIS
1503 202 1597 283 [DE
1614 229 1778 273 Mum).
1797 231 1924 277 Srsvr.

223 343 304 386 hac
322 344 413 401 lege
442 345 646 402 gravitare
675 344 872 387 deberent
899 345 943 385 in
973 359 1016 386 se
1035 344 1192 395 mutuo,
1225 343 1319 386 cum
1347 353 1486 387 tamen
1514 345 1716 401 ejusmodi
1743 346 1921 402 gravitas

225 415 464 471 neutiquam
483 415 702 457 sentiatur:
724 415 954 470 respondeo
975 414 1086 470 quod
1105 415 1283 471 gravitas
1303 415 1346 456 in
1364 415 1456 457 haec
1472 430 1657 471 corpora,
1681 413 1775 457 etim
1795 416 1848 457 sit
1867 416 1922 457 ad

224 487 467 542 gravitatem
486 487 529 527 in
543 487 719 528 Terram
733 495 862 529 totam
881 495 927 528 ut
948 494 1044 528 sunt
1062 486 1152 527 haec
1172 501 1346 542 corpora
1365 487 1419 528 ad
1435 487 1609 529 Terram
1633 496 1774 538 totam,
1797 485 1921 544 longe

224 556 362 598 minor
381 565 444 599 est
463 556 587 614 quam
609 573 702 614 quae
723 557 864 606 sentiri
883 557 1025 612 possit.

284 628 413 670 Corol.
435 633 475 669 2.
507 628 739 670 Gravitatio
768 628 812 668 in
842 627 1023 684 singulas
1053 626 1237 682 corporis
1264 624 1487 681 particulas
1516 628 1694 685 aequales
1725 637 1787 670 est
1815 629 1921 671 reci-

222 700 348 757 proce
377 710 424 744 ut
452 702 697 758 quadratum
717 700 924 744 distantiae
942 701 1130 742 locorum
1150 715 1175 741 a
1192 699 1417 754 particulis.
1483 701 1604 743 Patet
1621 715 1697 756 per
1718 701 1857 744 Corol.
1881 708 1920 744 3.

227 772 355 828 Prop.
378 772 591 815 LXXIV.
614 772 708 814 Lib.
732 771 768 813 I.

517 995 894 1038 PROPOSITIO
925 995 1050 1037 VIII.
1115 988 1475 1038 THEOREMA
1504 991 1630 1037 VIII.

223 1131 271 1173 Si
283 1130 486 1185 globorum
501 1132 663 1171 duorum
680 1132 724 1184 in
742 1145 781 1171 se
796 1128 925 1172 mutu&
941 1132 1233 1185 gravitantium
1247 1132 1417 1172 materia
1433 1131 1606 1184 undique
1621 1131 1665 1170 in
1684 1129 1922 1184 regionibus,

281 1216 369 1256 quae
387 1217 414 1242 a
435 1203 581 1242 centris
599 1203 808 1256 aequaliter
828 1203 992 1251 distant,
1014 1204 1249 1256 homogenea
1268 1204 1322 1242 sit
1338 1221 1350 1242 :
1381 1203 1459 1242 erit
1471 1202 1630 1254 pondus
1644 1201 1756 1254 globi
1775 1202 1925 1242 alteru-

281 1274 384 1315 trius
404 1275 447 1314 in
467 1275 634 1314 alterum
652 1272 851 1327 reciproce
870 1280 914 1314 ut
933 1275 1396 1343 quadratumflistantiae
1423 1275 1528 1314 inter
1547 1280 1696 1314 centra.

282 1409 509 1466 Postquam
537 1410 783 1451 invenissem
813 1410 1056 1466 gravitatem
1084 1410 1127 1451 in
1156 1410 1364 1465 planetam
1393 1416 1526 1450 totum
1554 1409 1654 1450 oriri
1674 1416 1714 1450 et
1735 1410 1928 1463 componi

226 1493 278 1519 ex
298 1480 566 1536 gravitatibus
595 1480 638 1520 in
667 1487 806 1535 partes
818 1495 829 1529 3
861 1488 901 1521 et
921 1495 1008 1521 esse
1034 1480 1077 1520 in
1095 1489 1234 1535 partes
1256 1480 1438 1537 singulas
1459 1478 1671 1534 reciproce
1691 1480 1927 1533 proportio-

223 1549 361 1590 nalem
395 1550 603 1606 quadratis
638 1550 925 1591 distantiarum
959 1566 984 1591 a
1016 1551 1227 1606 partibus:
1259 1551 1498 1591 dubitabam
1533 1565 1584 1590 an
1616 1550 1828 1604 reciproca
1858 1550 1929 1590 illa

222 1620 438 1675 proportio
458 1620 666 1675 duplicata
685 1622 889 1662 obtineret
908 1620 1098 1662 accurate
1118 1622 1162 1661 in
1182 1622 1222 1662 vi
1248 1621 1333 1662 tota
1355 1636 1408 1662 ex
1427 1621 1581 1661 viribus
1601 1620 1790 1675 pluribus
1814 1635 1928 1661 com-

222 1689 370 1746 posita,
402 1705 456 1731 an
485 1690 583 1731 vero
613 1706 736 1746 quam
764 1690 968 1746 proxime.
1031 1691 1142 1733 Nam
1171 1691 1262 1732 fieri
1288 1699 1428 1747 posset
1447 1699 1493 1732 ut
1510 1691 1738 1746 proportio,
1771 1705 1866 1746 quae
1884 1691 1929 1732 in

223 1825 416 1865 superficiem
453 1827 742 1865 perpendiculariter
779 1826 962 1867 dirigeretur
997 1837 1053 1866 per
1103 1827 1183 1865 dem,
1200 1834 1235 1859 ut
1253 1828 1281 1858 B
1301 1828 1352 1859 C2
1368 1828 1408 1859 ad
1424 1828 1454 1858 Ε
1474 1828 1524 1859 C²
1541 1828 1652 1870 (Prop.
1671 1826 1839 1858 LXXIV.
1858 1827 1930 1859 Lib.

223 1874 339 1898 rectam
364 1869 392 1898 B
410 1868 439 1898 E
459 1869 507 1904 C;
530 1869 563 1900 in
585 1868 652 1908 ipsa
668 1869 803 1900 Telluris
818 1869 978 1908 superficie
998 1870 1053 1900 ad·
1103 1869 1160 1910 1.>.
1210 1870 1315 1906 Quare
1330 1870 1473 1909 ponendo
1490 1871 1518 1901 B
1537 1871 1563 1901 C
1576 1872 1591 1889 ²
1615 1869 1654 1899 ad
1675 1870 1702 1900 E
1722 1870 1747 1900 C
1760 1871 1775 1888 ²
1797 1876 1834 1900 ut
1853 1870 1883 1900 E
1901 1870 1928 1901 C

179 1930 181 1937 ι
224 1909 315 1941 datur
337 1910 455 1950 sphaera
478 1911 518 1949 T,
543 1912 663 1944 Telluri
684 1913 877 1952 homogenea
899 1912 1055 1952 triumque
1101 1912 1140 1941 ad
1170 1913 1197 1943 B
1223 1913 1266 1949 D,
1292 1919 1373 1943 recta
1399 1914 1427 1943 B
1447 1914 1479 1943 D
1505 1912 1660 1942 exhibebit
1687 1912 1867 1952 gravitatem
1894 1912 1930 1942 in

1104 1955 1233 1985 Terram
1247 1955 1279 1984 in
1295 1955 1363 1984 loco
1387 1955 1426 1991 B,
1449 1965 1485 1985 ac
1500 1953 1629 1993 proinde
1644 1954 1796 1993 completo
1809 1960 1930 1985 rectan-

1104 1997 1180 2037 gulo
1197 1998 1226 2028 T
1243 1997 1271 2027 B
1291 1996 1326 2027 D
1344 1997 1388 2032 A,
1405 1997 1560 2036 gravitatis
1579 1995 1705 2026 directio
1719 1997 1776 2026 erit
1789 2006 1845 2035 per
1864 1995 1930 2027 dia-

1103 2039 1245 2079 gonalem
1266 2039 1293 2069 B
1314 2040 1342 2069 A
1361 2040 1427 2080 (41.
1450 2039 1517 2070 Lib.
1540 2039 1567 2069 1.
1573 2038 1597 2078 ).
1637 2038 1711 2069 Jam
1726 2038 1759 2068 in
1775 2037 1931 2079 triangulo

1103 2081 1283 2121 rect-angulo
1301 2082 1327 2111 B
1345 2082 1375 2111 A
1395 2082 1437 2118 D,
1454 2087 1500 2111 est
1523 2081 1550 2111 B
1570 2082 1601 2111 D
1617 2080 1657 2111 ad
1675 2082 1705 2110 A
1724 2081 1756 2111 D
1776 2087 1812 2111 ut
1825 2079 1931 2111 radius

1103 2123 1142 2153 ad
1157 2129 1333 2164 tangentem
1349 2123 1456 2163 anguli
1482 2124 1515 2154 D
1533 2124 1561 2153 B
1580 2123 1620 2153 A.
1670 2122 1754 2159 Quia
1767 2121 1839 2153 νει-ὂ
1855 2122 1930 2153 'rel-

1102 2165 1179 2195 luris
1200 2165 1422 2196 semidiameter
1435 2165 1597 2196 mediocris
1614 2170 1660 2195 est
1671 2163 1737 2195 fere
1761 2167 1841 2195 1145
1861 2164 1930 2195 leu-

1104 2217 1210 2238 carum
1232 2208 1420 2238 marinarum
1443 2210 1588 2249 (quarum
1609 2217 1720 2246 nempe
1734 2206 1844 2246 viginti
1858 2216 1927 2247 gra·

1104 2249 1180 2280 dum
1196 2250 1359 2288 complent,
1371 2259 1435 2280 uno
1450 2250 1567 2280 marino
1581 2249 1703 2279 milliari
1719 2247 1844 2289 singulo
1857 2258 1929 2289 gra-

1105 2292 1165 2322 dus
1179 2293 1300 2322 minuto
1314 2290 1522 2330 respondenti)
1539 2291 1612 2329 poni
1627 2291 1718 2321 etiam
1733 2296 1833 2330 potest
1846 2296 1930 2322 reem

1107 2334 1136 2364 B
1155 2335 1187 2365 D
1210 2344 1255 2374 aeq
1257 2334 1336 2364 ualis
1359 2334 1387 2364 E
1406 2334 1443 2370 C,
1466 2331 1597 2372 ide6que
1615 2332 1672 2363 erit
1692 2332 1731 2362 ad
1757 2333 1786 2363 T
1802 2333 1843 2370 B,
1865 2332 1930 2364 sive

1107 2377 1136 2407 Β
1155 2377 1187 2407 D
1203 2345 1255 2407 adq
1261 2377 1290 2406 A
1309 2376 1341 2406 D
1356 2382 1392 2406 ut
1407 2379 1490 2406 2290
1504 2375 1543 2405 ad
1561 2378 1587 2410 1,
1611 2375 1695 2404 unde
1712 2374 1815 2413 prodit
1828 2385 1929 2416 angu-

1103 2419 1154 2448 lus
1182 2420 1211 2449 A
1231 2419 1259 2448 B
1278 2419 1319 2454 D,
1344 2418 1457 2447 minuti
1482 2417 1572 2456 primi
1597 2425 1668 2447 cum
1695 2416 1832 2448 dimidio.
1895 2417 1930 2448 si

1103 2461 1206 2510 itaque
1227 2460 1294 2490 loco
1308 2460 1489 2498 sphaerae-T.
1513 2459 1703 2499 intelligatur
1717 2468 1806 2489 mons
1818 2458 1930 2499 aliqui·

1103 2503 1324 2550 cujuscumque
1343 2501 1455 2550 figurae
1474 2501 1563 2542 cujus
1584 2501 1721 2531 attractio
1733 2501 1930 2542 aequipollent

1103 2544 1274 2575 attractioni
1296 2543 1454 2584 ipsiusmet
1475 2545 1610 2583 sphaerae,
1630 2542 1803 2582 pendulum
1821 2543 1860 2574 ad
1879 2552 1929 2574 n-

1104 2585 1205 2617 dicem
1222 2586 1361 2627 hujusce
1389 2586 1503 2616 montis
1530 2585 1732 2616 constitutum
1757 2586 1786 2615 vi
1813 2585 1929 2616 montis

1103 2624 1266 2659 attractum
1287 2628 1419 2658 deviabit
1437 2638 1457 2658 a
1474 2627 1694 2667 perpendiculo
1713 2626 1813 2668 magis
1832 2626 1929 2668 quim

1102 2670 1216 2701 minuti
1244 2670 1339 2700 unius
1366 2669 1458 2709 primi
1485 2669 1654 2700 intervallo.
1716 2669 1796 2701 Haec
1823 2675 1928 2700 autem

1103 2713 1252 2743 aberratio
1265 2713 1366 2742 minor
1380 2713 1441 2747 fiet,
1463 2711 1489 2742 si
1508 2711 1704 2751 pendulum
1694 2721 1727 2742 m
1742 2717 1840 2750 parm
1853 2720 1928 2742 cnu-

1102 2755 1209 2803 trarias
1230 2756 1269 2785 ab
1289 2754 1356 2784 aliis
1375 2754 1532 2784 montibus
1551 2753 1772 2792 circumpositis
1785 2752 1925 2790 trahitur,

1102 2796 1128 2826 si
1142 2796 1274 2827 densitas
1289 2796 1420 2834 partium
1436 2796 1625 2826 internarum
1643 2796 1757 2832 Terre,-
1777 2795 1875 2836 major
1887 2795 1928 2826 sit

225 2840 406 2871 milliarium
443 2842 505 2871 sive
527 2840 626 2871 leucae
648 2838 743 2869 unius
764 2837 891 2868 marinae
909 2837 1056 2869 diametro
1102 2837 1195 2879 quam
1211 2837 1344 2868 densitas
1359 2839 1492 2876 partium
1507 2838 1629 2875 montis,
1650 2838 1780 2878 denique
1793 2846 1831 2868 ex
1845 2837 1927 2882 pira-

225 2883 377 2921 descripta
398 2893 492 2923 quam
512 2888 621 2922 tangat
642 2887 725 2911 recta
750 2881 778 2911 B
796 2881 825 2911 E
845 2881 891 2918 C;
915 2880 1057 2921 designet
1104 2881 1211 2911 midali
1236 2880 1388 2910 montium
1414 2880 1524 2920 figura,
1555 2880 1682 2921 aliisque
1709 2879 1786 2909 forte
1814 2879 1925 2917 causis,

228 2925 259 2956 E
278 2926 304 2955 C
328 2925 391 2954 vim
414 2925 571 2965 gravitatis
585 2925 618 2954 in
633 2924 699 2963 ipsa
713 2923 873 2963 superficie
889 2923 1003 2958 Terrae,
1027 2930 1058 2953 et
1101 2923 1174 2953 hinc
1198 2922 1366 2953 admodum
1392 2923 1516 2954 difficile
1541 2929 1577 2953 ιιι
1598 2921 1838 2971 perturbationes
1863 2921 1927 2952 illa

227 2966 401 3007 designabit
433 2967 462 2996 T
483 2967 508 2996 B
538 2968 718 3006 gravitatem
748 2966 779 2995 in
809 2966 873 3004 ipsa
898 2965 1058 3004 superficie
1102 2964 1258 2995 sensibiles
1282 2965 1358 2995 fiant
1383 2965 1440 2996 nisi
1469 2965 1503 2995 in
1527 2964 1669 2995 maximis
1685 2963 1863 3002 montibus;
1889 2969 1927 2995 ut

228 3011 355 3049 sphaerae
372 3009 401 3038 T
418 3008 527 3050 (Prop.
551 3008 706 3038 LXXII.
727 3007 798 3038 Lib.
821 3008 864 3047 1.)
881 3014 1013 3048 gravitas
1024 3017 1057 3037 ιιι
1102 3006 1195 3041 etiam
1231 3007 1318 3038 D¹¹²⁰⁸
1323 3019 1331 3028 ·
1377 3008 1527 3048 Bouguer
1568 3006 1777 3037 attractionem
1811 3005 1927 3036 montis

231 3053 271 3090 E,
296 3051 329 3082 in
347 3050 505 3082 Tellurem
521 3050 578 3079 erit
593 3050 631 3080 ad
646 3050 826 3090 gravitatem
840 3051 873 3080 in
893 3050 944 3082 B'
936 3060 969 3080 ιιι
984 3059 1056 3081 ean-
1105 3049 1331 3082 chimboraco
1321 3059 1355 3080 m
1373 3050 1506 3082 Peruvio
1519 3048 1692 3081 sensibilem
1705 3047 1912 3088 deprehendit.
