<?xml version="1.0" encoding="UTF-8"?>
<!DOCTYPE html PUBLIC "-//W3C//DTD XHTML 1.0 Transitional//EN"
    "http://www.w3.org/TR/xhtml1/DTD/xhtml1-transitional.dtd">
<html xmlns="http://www.w3.org/1999/xhtml" xml:lang="en" lang="en">
 <head>
  <title>
</title>
<meta http-equiv="Content-Type" content="text/html;charset=utf-8" />
  <meta name='ocr-system' content='tesseract 3.04.00' />
  <meta name='ocr-capabilities' content='ocr_page ocr_carea ocr_par ocr_line ocrx_word'/>
</head>
<body>
  <div class='ocr_page' id='page_1' title='image "./philosophiaenatu03newtuoft_0142.png"; bbox 0 0 2092 3470; ppageno 0'>
   <div class='ocr_carea' id='block_1_1' title="bbox 254 230 1961 286">
    <p class='ocr_par' dir='ltr' id='par_1_1' title="bbox 254 230 1961 286">
     <span class='ocr_line' id='line_1_1' title="bbox 254 230 1961 286; baseline 0.002 -14"><span class='ocrx_word' id='word_1_1' title='bbox 254 236 308 272; x_wconf 78' lang='lat'>94«</span> <span class='ocrx_word' id='word_1_2' title='bbox 648 230 1098 275; x_wconf 85' lang='lat' dir='ltr'>PH1LOSOPH1AE</span> <span class='ocrx_word' id='word_1_3' title='bbox 1130 232 1493 275; x_wconf 88' lang='lat' dir='ltr'>NATURALIS</span> <span class='ocrx_word' id='word_1_4' title='bbox 1537 233 1632 286; x_wconf 77' lang='lat' dir='ltr'>[DE</span> <span class='ocrx_word' id='word_1_5' title='bbox 1655 232 1818 275; x_wconf 69' lang='lat' dir='ltr'>Munn.</span> <span class='ocrx_word' id='word_1_6' title='bbox 1837 234 1961 276; x_wconf 72' lang='lat' dir='ltr'>SYs‘r&#39;.</span> 
     </span>
    </p>
   </div>
   <div class='ocr_carea' id='block_1_2' title="bbox 252 312 1961 404">
    <p class='ocr_par' dir='ltr' id='par_1_2' title="bbox 252 312 1961 404">
     <span class='ocr_line' id='line_1_2' title="bbox 509 312 526 329; baseline 0 0"><span class='ocrx_word' id='word_1_7' title='bbox 509 312 526 329; x_wconf 65' lang='lat' dir='ltr'><em>s</em></span> 
     </span>
     <span class='ocr_line' id='line_1_3' title="bbox 252 344 1961 404; baseline 0.002 -18"><span class='ocrx_word' id='word_1_8' title='bbox 252 344 484 386; x_wconf 87' lang='lat' dir='ltr'>recedendo</span> <span class='ocrx_word' id='word_1_9' title='bbox 503 344 556 386; x_wconf 90' lang='lat' dir='ltr'>ab</span> <span class='ocrx_word' id='word_1_10' title='bbox 575 344 784 401; x_wconf 76' lang='lat' dir='ltr'>aequatore</span> <span class='ocrx_word' id='word_1_11' title='bbox 812 346 955 401; x_wconf 91' lang='lat' dir='ltr'>polum</span> <span class='ocrx_word' id='word_1_12' title='bbox 976 361 1130 397; x_wconf 88' lang='lat' dir='ltr'>versus,</span> <span class='ocrx_word' id='word_1_13' title='bbox 1153 346 1322 388; x_wconf 87' lang='lat' dir='ltr'>effectus</span> <span class='ocrx_word' id='word_1_14' title='bbox 1344 361 1440 388; x_wconf 90' lang='lat' dir='ltr'>suos</span> <span class='ocrx_word' id='word_1_15' title='bbox 1459 347 1666 404; x_wconf 85' lang='lat' dir='ltr'><strong>gradatim</strong></span> <span class='ocrx_word' id='word_1_16' title='bbox 1687 347 1888 398; x_wconf 85' lang='lat' dir='ltr'><strong>amittent,</strong></span> <span class='ocrx_word' id='word_1_17' title='bbox 1919 355 1961 389; x_wconf 89' lang='lat' dir='ltr'>et</span> 
     </span>
    </p>
   </div>
   <div class='ocr_carea' id='block_1_3' title="bbox 234 419 1995 2128">
    <p class='ocr_par' dir='ltr' id='par_1_3' title="bbox 239 419 1995 1122">
     <span class='ocr_line' id='line_1_4' title="bbox 251 419 1961 477; baseline 0.002 -19"><span class='ocrx_word' id='word_1_18' title='bbox 251 425 474 472; x_wconf 89' lang='lat' dir='ltr'>propterea</span> <span class='ocrx_word' id='word_1_19' title='bbox 502 419 681 459; x_wconf 91' lang='lat' dir='ltr'>minores</span> <span class='ocrx_word' id='word_1_20' title='bbox 711 419 878 460; x_wconf 89' lang='lat' dir='ltr'>ciebunt</span> <span class='ocrx_word' id='word_1_21' title='bbox 906 428 1029 460; x_wconf 87' lang='lat' dir='ltr'>aestus</span> <span class='ocrx_word' id='word_1_22' title='bbox 1058 420 1100 460; x_wconf 93' lang='lat' dir='ltr'>in</span> <span class='ocrx_word' id='word_1_23' title='bbox 1123 419 1297 475; x_wconf 84' lang='lat' dir='ltr'>syzygiis</span> <span class='ocrx_word' id='word_1_24' title='bbox 1319 420 1601 462; x_wconf 88' lang='lat' dir='ltr'>solstitialibus</span> <span class='ocrx_word' id='word_1_25' title='bbox 1624 419 1748 477; x_wconf 75' lang='lat' dir='ltr'>quam</span> <span class='ocrx_word' id='word_1_26' title='bbox 1768 421 1812 460; x_wconf 88' lang='lat' dir='ltr'>in</span> <span class='ocrx_word' id='word_1_27' title='bbox 1832 420 1961 476; x_wconf 85' lang='lat' dir='ltr'>aequi-</span> 
     </span>
     <span class='ocr_line' id='line_1_5' title="bbox 250 490 1961 548; baseline 0.003 -18"><span class='ocrx_word' id='word_1_28' title='bbox 250 490 507 532; x_wconf 81' lang='lat' dir='ltr'>noctialibus.</span> <span class='ocrx_word' id='word_1_29' title='bbox 568 490 619 531; x_wconf 90' lang='lat' dir='ltr'>In</span> <span class='ocrx_word' id='word_1_30' title='bbox 649 491 909 547; x_wconf 78' lang='lat' dir='ltr'>quadraturis</span> <span class='ocrx_word' id='word_1_31' title='bbox 940 500 1079 532; x_wconf 88' lang='lat' dir='ltr'>autem</span> <span class='ocrx_word' id='word_1_32' title='bbox 1109 491 1394 533; x_wconf 88' lang='lat' dir='ltr'>solstitialibus</span> <span class='ocrx_word' id='word_1_33' title='bbox 1423 494 1600 548; x_wconf 86' lang='lat' dir='ltr'>majores</span> <span class='ocrx_word' id='word_1_34' title='bbox 1638 494 1807 535; x_wconf 89' lang='lat' dir='ltr'>ciebunt</span> <span class='ocrx_word' id='word_1_35' title='bbox 1838 501 1961 535; x_wconf 87' lang='lat' dir='ltr'>aestus</span> 
     </span>
     <span class='ocr_line' id='line_1_6' title="bbox 251 560 1963 620; baseline 0.002 -18"><span class='ocrx_word' id='word_1_36' title='bbox 251 560 376 617; x_wconf 74' lang='lat' dir='ltr'>quam</span> <span class='ocrx_word' id='word_1_37' title='bbox 404 561 446 602; x_wconf 92' lang='lat' dir='ltr'>in</span> <span class='ocrx_word' id='word_1_38' title='bbox 477 560 737 618; x_wconf 87' lang='lat' dir='ltr'>quadraturis</span> <span class='ocrx_word' id='word_1_39' title='bbox 767 561 1133 617; x_wconf 82' lang='lat' dir='ltr'>aeq·uinoctialibuS,</span> <span class='ocrx_word' id='word_1_40' title='bbox 1165 577 1215 603; x_wconf 91' lang='lat' dir='ltr'>eo</span> <span class='ocrx_word' id='word_1_41' title='bbox 1245 562 1359 618; x_wconf 92' lang='lat' dir='ltr'>quod</span> <span class='ocrx_word' id='word_1_42' title='bbox 1390 562 1525 604; x_wconf 88' lang='lat' dir='ltr'>Lunae</span> <span class='ocrx_word' id='word_1_43' title='bbox 1554 564 1643 618; x_wconf 87' lang='lat' dir='ltr'>jam</span> <span class='ocrx_word' id='word_1_44' title='bbox 1667 563 1722 604; x_wconf 85' lang='lat' dir='ltr'>in</span> <span class='ocrx_word' id='word_1_45' title='bbox 1751 566 1963 620; x_wconf 82' lang='lat' dir='ltr'>aequator&#39;e</span> 
     </span>
     <span class='ocr_line' id='line_1_7' title="bbox 250 632 1961 693; baseline 0.002 -18"><span class='ocrx_word' id='word_1_46' title='bbox 250 633 483 675; x_wconf 86' lang='lat' dir='ltr'>constitutae</span> <span class='ocrx_word' id='word_1_47' title='bbox 503 633 670 675; x_wconf 87' lang='lat' dir='ltr'>effectus</span> <span class='ocrx_word' id='word_1_48' title='bbox 690 632 870 675; x_wconf 78' lang='lat' dir='ltr'>maxime</span> <span class='ocrx_word' id='word_1_49' title='bbox 891 642 1058 688; x_wconf 88' lang='lat' dir='ltr'>superat</span> <span class='ocrx_word' id='word_1_50' title='bbox 1078 633 1269 675; x_wconf 86' lang='lat' dir='ltr'>effectum</span> <span class='ocrx_word' id='word_1_51' title='bbox 1293 635 1413 677; x_wconf 85' lang='lat' dir='ltr'>Solis.</span> <span class='ocrx_word' id='word_1_52' title='bbox 1474 635 1672 677; x_wconf 87' lang='lat' dir='ltr'>Incidunt</span> <span class='ocrx_word' id='word_1_53' title='bbox 1691 636 1818 693; x_wconf 88' lang='lat' dir='ltr'>igitur</span> <span class='ocrx_word' id='word_1_54' title='bbox 1837 645 1961 678; x_wconf 85' lang='lat' dir='ltr'>aestus</span> 
     </span>
     <span class='ocr_line' id='line_1_8' title="bbox 239 704 1962 764; baseline 0.003 -19"><span class='ocrx_word' id='word_1_55' title='bbox 239 704 417 745; x_wconf 75' lang='lat' dir='ltr'>&#39;maximi</span> <span class='ocrx_word' id='word_1_56' title='bbox 445 705 489 745; x_wconf 92' lang='lat' dir='ltr'>in</span> <span class='ocrx_word' id='word_1_57' title='bbox 517 704 702 761; x_wconf 85' lang='lat' dir='ltr'>syzygias</span> <span class='ocrx_word' id='word_1_58' title='bbox 733 713 773 745; x_wconf 93' lang='lat' dir='ltr'>et</span> <span class='ocrx_word' id='word_1_59' title='bbox 792 704 951 745; x_wconf 88' lang='lat' dir='ltr'>minimi</span> <span class='ocrx_word' id='word_1_60' title='bbox 977 705 1022 745; x_wconf 92' lang='lat' dir='ltr'>in</span> <span class='ocrx_word' id='word_1_61' title='bbox 1043 705 1319 761; x_wconf 86' lang='lat' dir='ltr'>quadraturas</span> <span class='ocrx_word' id='word_1_62' title='bbox 1339 706 1622 757; x_wconf 90' lang='lat' dir='ltr'>luminarium,</span> <span class='ocrx_word' id='word_1_63' title='bbox 1644 707 1753 749; x_wconf 89' lang='lat' dir='ltr'>circa</span> <span class='ocrx_word' id='word_1_64' title='bbox 1773 715 1962 764; x_wconf 83' lang='lat' dir='ltr'>tempora</span> 
     </span>
     <span class='ocr_line' id='line_1_9' title="bbox 246 776 1995 837; baseline 0.003 -20"><span class='ocrx_word' id='word_1_65' title='bbox 246 776 483 832; x_wconf 88' lang='lat' dir='ltr'>aequinoctii</span> <span class='ocrx_word' id='word_1_66' title='bbox 503 778 728 832; x_wconf 89' lang='lat' dir='ltr'>utriusque.</span> <span class='ocrx_word' id='word_1_67' title='bbox 790 777 847 818; x_wconf 92' lang='lat' dir='ltr'>Et</span> <span class='ocrx_word' id='word_1_68' title='bbox 865 785 1014 819; x_wconf 86' lang='lat' dir='ltr'>aestum</span> <span class='ocrx_word' id='word_1_69' title='bbox 1034 778 1268 819; x_wconf 88' lang='lat' dir='ltr'>maximum</span> <span class='ocrx_word' id='word_1_70' title='bbox 1294 778 1337 819; x_wconf 94' lang='lat' dir='ltr'>in</span> <span class='ocrx_word' id='word_1_71' title='bbox 1359 780 1535 837; x_wconf 87' lang='lat' dir='ltr'>syzygiis</span> <span class='ocrx_word' id='word_1_72' title='bbox 1559 781 1778 823; x_wconf 85' lang='lat' dir='ltr'>comitatur</span> <span class='ocrx_word' id='word_1_73' title='bbox 1797 796 1962 837; x_wconf 90' lang='lat' dir='ltr'>semper</span> <span class='ocrx_word' id='word_1_74' title='bbox 1992 787 1995 790; x_wconf 83' lang='lat'>&#39;</span> 
     </span>
     <span class='ocr_line' id='line_1_10' title="bbox 244 848 1961 905; baseline 0.003 -17"><span class='ocrx_word' id='word_1_75' title='bbox 244 849 437 890; x_wconf 87' lang='lat' dir='ltr'>minimus</span> <span class='ocrx_word' id='word_1_76' title='bbox 471 849 513 889; x_wconf 91' lang='lat' dir='ltr'>in</span> <span class='ocrx_word' id='word_1_77' title='bbox 548 848 822 904; x_wconf 89' lang='lat' dir='ltr'>quadraturis,</span> <span class='ocrx_word' id='word_1_78' title='bbox 853 856 899 890; x_wconf 93' lang='lat' dir='ltr'>ut</span> <span class='ocrx_word' id='word_1_79' title='bbox 928 849 1181 903; x_wconf 67' lang='lat' dir='ltr'>experientia</span> <span class='ocrx_word' id='word_1_80' title='bbox 1214 859 1474 905; x_wconf 88' lang='lat' dir='ltr'>compertum</span> <span class='ocrx_word' id='word_1_81' title='bbox 1504 859 1582 893; x_wconf 88' lang='lat' dir='ltr'>est.</span> <span class='ocrx_word' id='word_1_82' title='bbox 1645 852 1729 894; x_wconf 89' lang='lat' dir='ltr'>Per</span> <span class='ocrx_word' id='word_1_83' title='bbox 1757 852 1961 894; x_wconf 87' lang='lat' dir='ltr'>minorem</span> 
     </span>
     <span class='ocr_line' id='line_1_11' title="bbox 243 921 1960 981; baseline 0.003 -20"><span class='ocrx_word' id='word_1_84' title='bbox 243 930 379 962; x_wconf 88' lang='lat' dir='ltr'>autem</span> <span class='ocrx_word' id='word_1_85' title='bbox 400 921 635 962; x_wconf 88' lang='lat' dir='ltr'>distantiam</span> <span class='ocrx_word' id='word_1_86' title='bbox 658 921 764 962; x_wconf 89' lang='lat' dir='ltr'>Solis</span> <span class='ocrx_word' id='word_1_87' title='bbox 785 936 810 962; x_wconf 89' lang='lat' dir='ltr'>a</span> <span class='ocrx_word' id='word_1_88' title='bbox 831 921 977 971; x_wconf 70' lang='lat' dir='ltr'>Terra,</span> <span class='ocrx_word' id='word_1_89' title='bbox 1000 930 1085 962; x_wconf 84' lang='lat' dir='ltr'>tam</span> <span class='ocrx_word' id='word_1_90' title='bbox 1105 930 1294 977; x_wconf 91' lang='lat' dir='ltr'>tempore</span> <span class='ocrx_word' id='word_1_91' title='bbox 1314 922 1508 979; x_wconf 89' lang='lat' dir='ltr'>hyberno</span> <span class='ocrx_word' id='word_1_92' title='bbox 1530 923 1656 981; x_wconf 75' lang='lat' dir='ltr'>quam</span> <span class='ocrx_word' id='word_1_93' title='bbox 1676 932 1863 980; x_wconf 90' lang='lat' dir='ltr'>tempore</span> <span class='ocrx_word' id='word_1_94' title='bbox 1882 939 1960 980; x_wconf 74' lang='lat' dir='ltr'>aes-</span> 
     </span>
     <span class='ocr_line' id='line_1_12' title="bbox 243 992 1961 1052; baseline 0.003 -20"><span class='ocrx_word' id='word_1_95' title='bbox 243 993 339 1041; x_wconf 90' lang='lat' dir='ltr'>tivo,</span> <span class='ocrx_word' id='word_1_96' title='bbox 372 992 422 1033; x_wconf 91' lang='lat' dir='ltr'>sit</span> <span class='ocrx_word' id='word_1_97' title='bbox 452 1000 497 1033; x_wconf 93' lang='lat' dir='ltr'>ut</span> <span class='ocrx_word' id='word_1_98' title='bbox 517 1000 640 1049; x_wconf 86' lang='lat' dir='ltr'>aestus</span> <span class='ocrx_word' id='word_1_99' title='bbox 671 992 842 1033; x_wconf 90' lang='lat' dir='ltr'>maximi</span> <span class='ocrx_word' id='word_1_100' title='bbox 862 1000 902 1033; x_wconf 91' lang='lat' dir='ltr'>et</span> <span class='ocrx_word' id='word_1_101' title='bbox 929 992 1089 1033; x_wconf 90' lang='lat' dir='ltr'>minimi</span> <span class='ocrx_word' id='word_1_102' title='bbox 1118 992 1268 1048; x_wconf 84' lang='lat' dir='ltr'>saepius</span> <span class='ocrx_word' id='word_1_103' title='bbox 1289 994 1534 1048; x_wconf 85' lang='lat' dir='ltr'>praecedant</span> <span class='ocrx_word' id='word_1_104' title='bbox 1553 996 1849 1052; x_wconf 87' lang='lat' dir='ltr'>aequinoctium</span> <span class='ocrx_word' id='word_1_105' title='bbox 1868 1011 1961 1038; x_wconf 85' lang='lat' dir='ltr'>ver-</span> 
     </span>
     <span class='ocr_line' id='line_1_13' title="bbox 241 1062 1964 1122; baseline 0.001 -17"><span class='ocrx_word' id='word_1_106' title='bbox 241 1079 340 1105; x_wconf 90' lang='lat' dir='ltr'>num</span> <span class='ocrx_word' id='word_1_107' title='bbox 361 1062 484 1120; x_wconf 73' lang='lat' dir='ltr'>quam</span> <span class='ocrx_word' id='word_1_108' title='bbox 505 1072 740 1120; x_wconf 88' lang='lat' dir='ltr'>sequantur,</span> <span class='ocrx_word' id='word_1_109' title='bbox 764 1072 806 1105; x_wconf 91' lang='lat' dir='ltr'>et</span> <span class='ocrx_word' id='word_1_110' title='bbox 825 1064 974 1118; x_wconf 85' lang='lat' dir='ltr'>saepius</span> <span class='ocrx_word' id='word_1_111' title='bbox 995 1072 1218 1120; x_wconf 89' lang='lat' dir='ltr'>sequantur</span> <span class='ocrx_word' id='word_1_112' title='bbox 1238 1066 1482 1107; x_wconf 89' lang='lat' dir='ltr'>autumnale</span> <span class='ocrx_word' id='word_1_113' title='bbox 1503 1065 1629 1122; x_wconf 77' lang='lat' dir='ltr'>quam</span> <span class='ocrx_word' id='word_1_114' title='bbox 1649 1067 1902 1122; x_wconf 86' lang='lat' dir='ltr'>praecedant.</span> <span class='ocrx_word' id='word_1_115' title='bbox 1961 1103 1964 1107; x_wconf 87' lang='lat'>.</span> 
     </span>
    </p>

    <p class='ocr_par' dir='ltr' id='par_1_4' title="bbox 234 1135 1962 2056">
     <span class='ocr_line' id='line_1_14' title="bbox 301 1135 1962 1195; baseline 0.001 -18"><span class='ocrx_word' id='word_1_116' title='bbox 301 1136 490 1177; x_wconf 90' lang='lat' dir='ltr'>Pendent</span> <span class='ocrx_word' id='word_1_117' title='bbox 519 1136 642 1177; x_wconf 91' lang='lat' dir='ltr'>etiam</span> <span class='ocrx_word' id='word_1_118' title='bbox 671 1135 838 1177; x_wconf 87' lang='lat' dir='ltr'>effectus</span> <span class='ocrx_word' id='word_1_119' title='bbox 868 1135 1134 1176; x_wconf 90' lang='lat' dir='ltr'>luminarium</span> <span class='ocrx_word' id='word_1_120' title='bbox 1163 1150 1216 1176; x_wconf 91' lang='lat' dir='ltr'>ex</span> <span class='ocrx_word' id='word_1_121' title='bbox 1246 1135 1439 1177; x_wconf 93' lang='lat' dir='ltr'>locorum</span> <span class='ocrx_word' id='word_1_122' title='bbox 1459 1137 1694 1179; x_wconf 86' lang='lat' dir='ltr'>latitudine.</span> <span class='ocrx_word' id='word_1_123' title='bbox 1753 1137 1962 1195; x_wconf 88' lang='lat' dir='ltr'>Designet</span> 
     </span>
     <span class='ocr_line' id='line_1_15' title="bbox 241 1207 1959 1266; baseline 0 -15"><span class='ocrx_word' id='word_1_124' title='bbox 241 1210 280 1251; x_wconf 96' lang='lat' dir='ltr'><strong>A</strong></span> <span class='ocrx_word' id='word_1_125' title='bbox 301 1223 328 1263; x_wconf 91' lang='lat' dir='ltr'>p</span> <span class='ocrx_word' id='word_1_126' title='bbox 352 1208 389 1248; x_wconf 85' lang='lat' dir='ltr'>E</span> <span class='ocrx_word' id='word_1_127' title='bbox 414 1207 447 1248; x_wconf 89' lang='grc' dir='ltr'>Ρ</span> <span class='ocrx_word' id='word_1_128' title='bbox 469 1207 684 1248; x_wconf 82' lang='lat' dir='ltr'>Tellurem</span> <span class='ocrx_word' id='word_1_129' title='bbox 704 1208 821 1263; x_wconf 87' lang='lat' dir='ltr'>aquis</span> <span class='ocrx_word' id='word_1_130' title='bbox 841 1207 1059 1262; x_wconf 88' lang='lat' dir='ltr'>profundis</span> <span class='ocrx_word' id='word_1_131' title='bbox 1080 1208 1264 1264; x_wconf 90' lang='lat' dir='ltr'>undique</span> <span class='ocrx_word' id='word_1_132' title='bbox 1286 1217 1528 1263; x_wconf 82' lang='lat' dir='ltr'>coopertam</span> <span class='ocrx_word' id='word_1_133' title='bbox 1539 1226 1551 1260; x_wconf 91' lang='lat'>;</span> <span class='ocrx_word' id='word_1_134' title='bbox 1576 1210 1613 1252; x_wconf 89' lang='lat' dir='ltr'>C</span> <span class='ocrx_word' id='word_1_135' title='bbox 1635 1218 1825 1253; x_wconf 84' lang='lat' dir='ltr'>centrum</span> <span class='ocrx_word' id='word_1_136' title='bbox 1847 1211 1959 1266; x_wconf 81' lang='lat' dir='ltr'>ejus3</span> 
     </span>
     <span class='ocr_line' id='line_1_16' title="bbox 241 1278 1305 1335; baseline -0.002 -13"><span class='ocrx_word' id='word_1_137' title='bbox 241 1282 288 1330; x_wconf 89' lang='lat' dir='ltr'>P,</span> <span class='ocrx_word' id='word_1_138' title='bbox 312 1295 340 1334; x_wconf 91' lang='lat' dir='ltr'>p</span> <span class='ocrx_word' id='word_1_139' title='bbox 360 1279 503 1334; x_wconf 82' lang='lat' dir='ltr'>polos3</span> <span class='ocrx_word' id='word_1_140' title='bbox 527 1279 563 1320; x_wconf 93' lang='lat' dir='ltr'>A</span> <span class='ocrx_word' id='word_1_141' title='bbox 590 1278 627 1320; x_wconf 92' lang='lat' dir='ltr'>E</span> <span class='ocrx_word' id='word_1_142' title='bbox 647 1286 925 1334; x_wconf 87' lang='lat' dir='ltr'>aequatorem3</span> <span class='ocrx_word' id='word_1_143' title='bbox 950 1279 986 1320; x_wconf 90' lang='lat' dir='ltr'><strong>F</strong></span> <span class='ocrx_word' id='word_1_144' title='bbox 1005 1278 1143 1320; x_wconf 92' lang='lat' dir='ltr'>locum</span> <span class='ocrx_word' id='word_1_145' title='bbox 1164 1294 1305 1335; x_wconf 90' lang='lat' dir='ltr'>quem-</span> 
     </span>
     <span class='ocr_line' id='line_1_17' title="bbox 237 1350 1306 1407; baseline -0.003 -14"><span class='ocrx_word' id='word_1_146' title='bbox 237 1353 297 1393; x_wconf 88' lang='lat' dir='ltr'>vis</span> <span class='ocrx_word' id='word_1_147' title='bbox 333 1359 450 1393; x_wconf 89' lang='lat' dir='ltr'>extra</span> <span class='ocrx_word' id='word_1_148' title='bbox 485 1358 760 1407; x_wconf 84' lang='lat' dir='ltr'>aequatorem3</span> <span class='ocrx_word' id='word_1_149' title='bbox 806 1351 841 1392; x_wconf 90' lang='lat' dir='ltr'><strong>F</strong></span> <span class='ocrx_word' id='word_1_150' title='bbox 873 1350 896 1390; x_wconf 89' lang='lat' dir='ltr'>f</span> <span class='ocrx_word' id='word_1_151' title='bbox 926 1350 1170 1405; x_wconf 86' lang='lat' dir='ltr'>parallelum</span> <span class='ocrx_word' id='word_1_152' title='bbox 1201 1351 1306 1400; x_wconf 86' lang='lat' dir='ltr'>loci3</span> 
     </span>
     <span class='ocr_line' id='line_1_18' title="bbox 236 1422 1307 1479; baseline -0.001 -14"><span class='ocrx_word' id='word_1_153' title='bbox 236 1425 280 1466; x_wconf 96' lang='lat' dir='ltr'>D</span> <span class='ocrx_word' id='word_1_154' title='bbox 317 1424 344 1464; x_wconf 91' lang='lat' dir='ltr'>d</span> <span class='ocrx_word' id='word_1_155' title='bbox 375 1423 619 1479; x_wconf 86' lang='lat' dir='ltr'>parallelum</span> <span class='ocrx_word' id='word_1_156' title='bbox 656 1423 693 1464; x_wconf 90' lang='lat' dir='ltr'>ei</span> <span class='ocrx_word' id='word_1_157' title='bbox 728 1422 1049 1477; x_wconf 88' lang='lat' dir='ltr'>respondentem</span> <span class='ocrx_word' id='word_1_158' title='bbox 1089 1437 1143 1464; x_wconf 90' lang='lat' dir='ltr'>ex</span> <span class='ocrx_word' id='word_1_159' title='bbox 1178 1422 1307 1464; x_wconf 65' lang='lat' dir='ltr'>altera</span> 
     </span>
     <span class='ocr_line' id='line_1_19' title="bbox 234 1494 1304 1552; baseline -0.001 -14"><span class='ocrx_word' id='word_1_160' title='bbox 234 1504 352 1552; x_wconf 92' lang='lat' dir='ltr'>parte</span> <span class='ocrx_word' id='word_1_161' title='bbox 381 1496 624 1552; x_wconf 86' lang='lat' dir='ltr'>aequatoris;</span> <span class='ocrx_word' id='word_1_162' title='bbox 657 1495 694 1537; x_wconf 96' lang='lat' dir='ltr'>L</span> <span class='ocrx_word' id='word_1_163' title='bbox 723 1495 862 1537; x_wconf 89' lang='lat' dir='ltr'>locum</span> <span class='ocrx_word' id='word_1_164' title='bbox 883 1510 1007 1552; x_wconf 89' lang='lat' dir='ltr'>quem</span> <span class='ocrx_word' id='word_1_165' title='bbox 1029 1494 1152 1536; x_wconf 91' lang='lat' dir='ltr'>Luna</span> <span class='ocrx_word' id='word_1_166' title='bbox 1171 1495 1304 1537; x_wconf 89' lang='lat' dir='ltr'>tribus</span> 
     </span>
     <span class='ocr_line' id='line_1_20' title="bbox 236 1567 1307 1623; baseline 0 -14"><span class='ocrx_word' id='word_1_167' title='bbox 236 1577 330 1610; x_wconf 88' lang='lat' dir='ltr'>ante</span> <span class='ocrx_word' id='word_1_168' title='bbox 365 1568 478 1610; x_wconf 91' lang='lat' dir='ltr'>horis</span> <span class='ocrx_word' id='word_1_169' title='bbox 512 1568 764 1623; x_wconf 87' lang='lat' dir='ltr'>occupabat3</span> <span class='ocrx_word' id='word_1_170' title='bbox 801 1568 849 1609; x_wconf 94' lang='lat' dir='ltr'>H</span> <span class='ocrx_word' id='word_1_171' title='bbox 884 1568 1023 1609; x_wconf 90' lang='lat' dir='ltr'>locum</span> <span class='ocrx_word' id='word_1_172' title='bbox 1054 1567 1238 1609; x_wconf 89' lang='lat' dir='ltr'>Telluris</span> <span class='ocrx_word' id='word_1_173' title='bbox 1270 1568 1307 1609; x_wconf 88' lang='lat' dir='ltr'>ei</span> 
     </span>
     <span class='ocr_line' id='line_1_21' title="bbox 234 1639 1310 1695; baseline 0 -14"><span class='ocrx_word' id='word_1_174' title='bbox 234 1640 633 1695; x_wconf 87' lang='lat' dir='ltr'>perpendiculariter</span> <span class='ocrx_word' id='word_1_175' title='bbox 673 1640 924 1694; x_wconf 85' lang='lat' dir='ltr'>subjectum3</span> <span class='ocrx_word' id='word_1_176' title='bbox 973 1639 1002 1680; x_wconf 95' lang='lat' dir='ltr'>h</span> <span class='ocrx_word' id='word_1_177' title='bbox 1041 1639 1177 1680; x_wconf 89' lang='lat' dir='ltr'>locum</span> <span class='ocrx_word' id='word_1_178' title='bbox 1212 1639 1310 1681; x_wconf 90' lang='lat' dir='ltr'>huic</span> 
     </span>
     <span class='ocr_line' id='line_1_22' title="bbox 235 1710 1310 1767; baseline -0.001 -14"><span class='ocrx_word' id='word_1_179' title='bbox 235 1713 495 1767; x_wconf 71' lang='lat' dir='ltr'>oppositum,</span> <span class='ocrx_word' id='word_1_180' title='bbox 529 1711 584 1761; x_wconf 88' lang='lat' dir='ltr'>K,</span> <span class='ocrx_word' id='word_1_181' title='bbox 616 1711 645 1751; x_wconf 94' lang='lat' dir='ltr'>k</span> <span class='ocrx_word' id='word_1_182' title='bbox 674 1711 766 1752; x_wconf 89' lang='lat' dir='ltr'>loca</span> <span class='ocrx_word' id='word_1_183' title='bbox 795 1711 891 1752; x_wconf 89' lang='lat' dir='ltr'>inde</span> <span class='ocrx_word' id='word_1_184' title='bbox 920 1710 1116 1767; x_wconf 82' lang='lat' dir='ltr'>gradibus</span> <span class='ocrx_word' id='word_1_185' title='bbox 1137 1717 1192 1752; x_wconf 89' lang='lat'>90</span> <span class='ocrx_word' id='word_1_186' title='bbox 1227 1711 1310 1752; x_wconf 83' lang='lat' dir='ltr'>dis-</span> 
     </span>
     <span class='ocr_line' id='line_1_23' title="bbox 241 1781 1956 1836; baseline 0.002 -12"><span class='ocrx_word' id='word_1_187' title='bbox 241 1784 385 1833; x_wconf 84' lang='lat' dir='ltr'>tantia,</span> <span class='ocrx_word' id='word_1_188' title='bbox 411 1783 447 1824; x_wconf 93' lang='lat' dir='ltr'>C</span> <span class='ocrx_word' id='word_1_189' title='bbox 466 1782 527 1832; x_wconf 88' lang='lat' dir='ltr'>H,</span> <span class='ocrx_word' id='word_1_190' title='bbox 549 1783 585 1823; x_wconf 92' lang='lat' dir='ltr'>C</span> <span class='ocrx_word' id='word_1_191' title='bbox 602 1781 631 1822; x_wconf 96' lang='lat' dir='ltr'>h</span> <span class='ocrx_word' id='word_1_192' title='bbox 650 1782 774 1822; x_wconf 88' lang='lat' dir='ltr'>maris</span> <span class='ocrx_word' id='word_1_193' title='bbox 796 1781 1032 1822; x_wconf 87' lang='lat' dir='ltr'>altitudines</span> <span class='ocrx_word' id='word_1_194' title='bbox 1052 1781 1254 1823; x_wconf 88' lang='lat' dir='ltr'>maximas</span> <span class='ocrx_word' id='word_1_195' title='bbox 1274 1790 1530 1824; x_wconf 86' lang='lat' dir='ltr'>mensuratas</span> <span class='ocrx_word' id='word_1_196' title='bbox 1551 1799 1576 1824; x_wconf 91' lang='lat' dir='ltr'>a</span> <span class='ocrx_word' id='word_1_197' title='bbox 1596 1793 1739 1825; x_wconf 88' lang='lat' dir='ltr'>centro</span> <span class='ocrx_word' id='word_1_198' title='bbox 1755 1784 1956 1836; x_wconf 82' lang='lat' dir='ltr'>Telluris3</span> 
     </span>
     <span class='ocr_line' id='line_1_24' title="bbox 242 1854 1959 1907; baseline 0.001 -9"><span class='ocrx_word' id='word_1_199' title='bbox 242 1865 282 1897; x_wconf 88' lang='lat' dir='ltr'>et</span> <span class='ocrx_word' id='word_1_200' title='bbox 315 1857 351 1898; x_wconf 89' lang='lat' dir='ltr'>C</span> <span class='ocrx_word' id='word_1_201' title='bbox 384 1856 439 1907; x_wconf 88' lang='lat' dir='ltr'>K,</span> <span class='ocrx_word' id='word_1_202' title='bbox 475 1856 512 1897; x_wconf 89' lang='lat' dir='ltr'>C</span> <span class='ocrx_word' id='word_1_203' title='bbox 541 1855 570 1896; x_wconf 94' lang='lat' dir='ltr'><strong>k</strong></span> <span class='ocrx_word' id='word_1_204' title='bbox 601 1855 837 1896; x_wconf 89' lang='lat' dir='ltr'>altitudines</span> <span class='ocrx_word' id='word_1_205' title='bbox 867 1855 1080 1895; x_wconf 88' lang='lat' dir='ltr'>minimas:</span> <span class='ocrx_word' id='word_1_206' title='bbox 1115 1862 1156 1895; x_wconf 91' lang='lat' dir='ltr'>et</span> <span class='ocrx_word' id='word_1_207' title='bbox 1185 1855 1219 1895; x_wconf 94' lang='lat' dir='ltr'>si</span> <span class='ocrx_word' id='word_1_208' title='bbox 1249 1854 1396 1895; x_wconf 84' lang='lat' dir='ltr'>axibus</span> <span class='ocrx_word' id='word_1_209' title='bbox 1428 1855 1476 1896; x_wconf 94' lang='lat' dir='ltr'>H</span> <span class='ocrx_word' id='word_1_210' title='bbox 1495 1854 1538 1905; x_wconf 90' lang='lat' dir='ltr'>h,</span> <span class='ocrx_word' id='word_1_211' title='bbox 1573 1855 1616 1897; x_wconf 92' lang='lat' dir='ltr'><strong>K</strong></span> <span class='ocrx_word' id='word_1_212' title='bbox 1642 1855 1672 1896; x_wconf 93' lang='lat' dir='ltr'>k</span> <span class='ocrx_word' id='word_1_213' title='bbox 1700 1856 1959 1900; x_wconf 83' lang='lat' dir='ltr'>describatur</span> 
     </span>
     <span class='ocr_line' id='line_1_25' title="bbox 237 1927 1958 1985; baseline 0.003 -16"><span class='ocrx_word' id='word_1_214' title='bbox 237 1928 406 1983; x_wconf 71' lang='lat' dir='ltr'>ellipsis,</span> <span class='ocrx_word' id='word_1_215' title='bbox 439 1927 591 1969; x_wconf 89' lang='lat' dir='ltr'>deinde</span> <span class='ocrx_word' id='word_1_216' title='bbox 621 1927 809 1982; x_wconf 90' lang='lat' dir='ltr'>ellipseos</span> <span class='ocrx_word' id='word_1_217' title='bbox 840 1927 962 1982; x_wconf 89' lang='lat' dir='ltr'>hujus</span> <span class='ocrx_word' id='word_1_218' title='bbox 991 1927 1250 1968; x_wconf 79' lang='lat' dir='ltr'>revolutione</span> <span class='ocrx_word' id='word_1_219' title='bbox 1270 1928 1380 1969; x_wconf 88' lang='lat' dir='ltr'>circa</span> <span class='ocrx_word' id='word_1_220' title='bbox 1399 1943 1519 1969; x_wconf 88' lang='lat' dir='ltr'>axem</span> <span class='ocrx_word' id='word_1_221' title='bbox 1539 1930 1737 1985; x_wconf 87' lang='lat' dir='ltr'>majorem</span> <span class='ocrx_word' id='word_1_222' title='bbox 1766 1931 1816 1972; x_wconf 94' lang='lat' dir='ltr'>H</span> <span class='ocrx_word' id='word_1_223' title='bbox 1835 1931 1864 1972; x_wconf 83' lang='lat' dir='ltr'>h</span> <span class='ocrx_word' id='word_1_224' title='bbox 1885 1931 1958 1974; x_wconf 91' lang='lat' dir='ltr'>de-</span> 
     </span>
     <span class='ocr_line' id='line_1_26' title="bbox 238 1997 1957 2056; baseline 0.002 -17"><span class='ocrx_word' id='word_1_225' title='bbox 238 1999 445 2040; x_wconf 79' lang='lat' dir='ltr'>scribatur</span> <span class='ocrx_word' id='word_1_226' title='bbox 466 1998 668 2054; x_wconf 87' lang='lat' dir='ltr'>sphaerois</span> <span class='ocrx_word' id='word_1_227' title='bbox 692 1997 741 2039; x_wconf 94' lang='lat' dir='ltr'>H</span> <span class='ocrx_word' id='word_1_228' title='bbox 766 1997 801 2039; x_wconf 93' lang='lat' dir='ltr'>P</span> <span class='ocrx_word' id='word_1_229' title='bbox 828 1997 870 2038; x_wconf 90' lang='lat' dir='ltr'><strong>K</strong></span> <span class='ocrx_word' id='word_1_230' title='bbox 890 1997 919 2037; x_wconf 93' lang='lat' dir='ltr'>h</span> <span class='ocrx_word' id='word_1_231' title='bbox 939 2012 968 2052; x_wconf 93' lang='lat' dir='ltr'>p</span> <span class='ocrx_word' id='word_1_232' title='bbox 989 1997 1017 2037; x_wconf 94' lang='lat' dir='ltr'>k</span> <span class='ocrx_word' id='word_1_233' title='bbox 1028 2013 1040 2046; x_wconf 85' lang='lat'><em>3</em></span> <span class='ocrx_word' id='word_1_234' title='bbox 1071 1997 1304 2053; x_wconf 87' lang='lat' dir='ltr'>designabit</span> <span class='ocrx_word' id='word_1_235' title='bbox 1322 1997 1414 2038; x_wconf 84' lang='lat' dir='ltr'>haec</span> <span class='ocrx_word' id='word_1_236' title='bbox 1429 1999 1479 2053; x_wconf 85' lang='lat'>(¹¹)</span> <span class='ocrx_word' id='word_1_237' title='bbox 1495 1998 1673 2055; x_wconf 89' lang='lat' dir='ltr'>figuram</span> <span class='ocrx_word' id='word_1_238' title='bbox 1693 2000 1818 2042; x_wconf 84' lang='lat' dir='ltr'>maris</span> <span class='ocrx_word' id='word_1_239' title='bbox 1833 2015 1957 2056; x_wconf 86' lang='lat' dir='ltr'>quam</span> 
     </span>
    </p>

    <p class='ocr_par' dir='ltr' id='par_1_5' title="bbox 234 2068 1954 2128">
     <span class='ocr_line' id='line_1_27' title="bbox 234 2068 1954 2128; baseline 0.001 -16"><span class='ocrx_word' id='word_1_240' title='bbox 234 2070 440 2128; x_wconf 70' lang='lat' dir='ltr'>proxime,</span> <span class='ocrx_word' id='word_1_241' title='bbox 463 2079 504 2112; x_wconf 90' lang='lat' dir='ltr'>et</span> <span class='ocrx_word' id='word_1_242' title='bbox 524 2079 647 2112; x_wconf 85' lang='lat' dir='ltr'>erunt</span> <span class='ocrx_word' id='word_1_243' title='bbox 670 2069 706 2111; x_wconf 93' lang='lat' dir='ltr'>C</span> <span class='ocrx_word' id='word_1_244' title='bbox 722 2069 769 2120; x_wconf 91' lang='lat' dir='ltr'>F,</span> <span class='ocrx_word' id='word_1_245' title='bbox 798 2069 833 2110; x_wconf 92' lang='lat' dir='ltr'>C</span> <span class='ocrx_word' id='word_1_246' title='bbox 847 2068 875 2119; x_wconf 89' lang='lat' dir='ltr'>f,</span> <span class='ocrx_word' id='word_1_247' title='bbox 903 2069 939 2110; x_wconf 92' lang='lat' dir='ltr'>C</span> <span class='ocrx_word' id='word_1_248' title='bbox 957 2069 1015 2119; x_wconf 94' lang='lat' dir='ltr'>D,</span> <span class='ocrx_word' id='word_1_249' title='bbox 1042 2069 1078 2110; x_wconf 86' lang='lat' dir='ltr'>C</span> <span class='ocrx_word' id='word_1_250' title='bbox 1092 2068 1120 2110; x_wconf 93' lang='lat' dir='ltr'>d</span> <span class='ocrx_word' id='word_1_251' title='bbox 1140 2068 1375 2110; x_wconf 90' lang='lat' dir='ltr'>altitudines</span> <span class='ocrx_word' id='word_1_252' title='bbox 1395 2069 1520 2110; x_wconf 88' lang='lat' dir='ltr'>maris</span> <span class='ocrx_word' id='word_1_253' title='bbox 1541 2070 1584 2110; x_wconf 92' lang='lat' dir='ltr'>in</span> <span class='ocrx_word' id='word_1_254' title='bbox 1604 2069 1705 2111; x_wconf 92' lang='lat' dir='ltr'>locis</span> <span class='ocrx_word' id='word_1_255' title='bbox 1727 2070 1775 2122; x_wconf 94' lang='lat' dir='ltr'>F,</span> <span class='ocrx_word' id='word_1_256' title='bbox 1791 2070 1819 2121; x_wconf 88' lang='lat' dir='ltr'>f,</span> <span class='ocrx_word' id='word_1_257' title='bbox 1838 2071 1895 2122; x_wconf 94' lang='lat' dir='ltr'>D,</span> <span class='ocrx_word' id='word_1_258' title='bbox 1912 2071 1954 2114; x_wconf 91' lang='lat' dir='ltr'>d.</span> 
     </span>
    </p>
   </div>
   <div class='ocr_carea' id='block_1_4' title="bbox 1372 1336 1955 1708">
    <p class='ocr_par' dir='ltr' id='par_1_6' title="bbox 1372 1336 1955 1708">
     <span class='ocr_line' id='line_1_28' title="bbox 1372 1336 1955 1708; baseline 0 1762"><span class='ocrx_word' id='word_1_259' title='bbox 1372 1336 1955 1708; x_wconf 95' lang='lat' dir='ltr'> </span> 
     </span>
    </p>
   </div>
   <div class='ocr_carea' id='block_1_5' title="bbox 279 2183 1953 2228">
    <p class='ocr_par' dir='ltr' id='par_1_7' title="bbox 279 2183 1953 2228">
     <span class='ocr_line' id='line_1_29' title="bbox 279 2183 1953 2228; baseline -0.001 -11"><span class='ocrx_word' id='word_1_260' title='bbox 279 2186 326 2227; x_wconf 82' lang='lat'>(¹²)</span> <span class='ocrx_word' id='word_1_261' title='bbox 354 2190 422 2218; x_wconf 85' lang='lat'>106.</span> <span class='ocrx_word' id='word_1_262' title='bbox 454 2189 471 2207; x_wconf 43' lang='grc' dir='ltr'>*Ρ</span> <span class='ocrx_word' id='word_1_263' title='bbox 499 2189 658 2228; x_wconf 78' lang='lat' dir='ltr'>Figuram</span> <span class='ocrx_word' id='word_1_264' title='bbox 685 2186 783 2217; x_wconf 80' lang='lat' dir='ltr'>maris</span> <span class='ocrx_word' id='word_1_265' title='bbox 806 2196 901 2226; x_wconf 87' lang='lat' dir='ltr'>quam</span> <span class='ocrx_word' id='word_1_266' title='bbox 928 2183 1073 2225; x_wconf 70' lang='lat' dir='ltr'>proxime.</span> <span class='ocrx_word' id='word_1_267' title='bbox 1119 2194 1190 2214; x_wconf 86' lang='lat' dir='ltr'>nem</span> <span class='ocrx_word' id='word_1_268' title='bbox 1221 2194 1292 2214; x_wconf 91' lang='lat' dir='ltr'>cum</span> <span class='ocrx_word' id='word_1_269' title='bbox 1322 2190 1427 2215; x_wconf 83' lang='lat' dir='ltr'>centro</span> <span class='ocrx_word' id='word_1_270' title='bbox 1455 2184 1552 2224; x_wconf 87' lang='lat' dir='ltr'>ipsius</span> <span class='ocrx_word' id='word_1_271' title='bbox 1582 2185 1695 2216; x_wconf 82' lang='lat' dir='ltr'>Terrae.</span> <span class='ocrx_word' id='word_1_272' title='bbox 1755 2185 1829 2218; x_wconf 74' lang='lat' dir='ltr'>Jam</span> <span class='ocrx_word' id='word_1_273' title='bbox 1858 2185 1898 2216; x_wconf 80' lang='lat' dir='ltr'>sit</span> <span class='ocrx_word' id='word_1_274' title='bbox 1925 2185 1953 2217; x_wconf 88' lang='lat' dir='ltr'>C</span> 
     </span>
    </p>
   </div>
   <div class='ocr_carea' id='block_1_6' title="bbox 237 2227 1079 3083">
    <p class='ocr_par' dir='ltr' id='par_1_8' title="bbox 238 2227 1079 3076">
     <span class='ocr_line' id='line_1_30' title="bbox 241 2227 1076 2269; baseline -0.002 -11"><span class='ocrx_word' id='word_1_275' title='bbox 241 2227 386 2259; x_wconf 87' lang='lat' dir='ltr'>Circulus</span> <span class='ocrx_word' id='word_1_276' title='bbox 400 2235 506 2261; x_wconf 82' lang='lat' dir='ltr'>centro</span> <span class='ocrx_word' id='word_1_277' title='bbox 530 2231 559 2261; x_wconf 93' lang='lat' dir='ltr'>T</span> <span class='ocrx_word' id='word_1_278' title='bbox 581 2228 752 2269; x_wconf 85' lang='lat' dir='ltr'>descriptus</span> <span class='ocrx_word' id='word_1_279' title='bbox 769 2227 929 2258; x_wconf 86' lang='lat' dir='ltr'>Tellurem</span> <span class='ocrx_word' id='word_1_280' title='bbox 943 2228 1076 2264; x_wconf 80' lang='lat' dir='ltr'>referat;</span> 
     </span>
     <span class='ocr_line' id='line_1_31' title="bbox 237 2270 1079 2309; baseline -0.002 -7.954"><span class='ocrx_word' id='word_1_281' title='bbox 237 2272 372 2302; x_wconf 86' lang='lat' dir='ltr'>circulus</span> <span class='ocrx_word' id='word_1_282' title='bbox 401 2278 505 2302; x_wconf 85' lang='lat' dir='ltr'>autem</span> <span class='ocrx_word' id='word_1_283' title='bbox 535 2279 641 2303; x_wconf 66' lang='lat' dir='ltr'>centro</span> <span class='ocrx_word' id='word_1_284' title='bbox 680 2271 708 2301; x_wconf 91' lang='lat' dir='ltr'>L</span> <span class='ocrx_word' id='word_1_285' title='bbox 737 2270 909 2309; x_wconf 87' lang='lat' dir='ltr'>descriptus</span> <span class='ocrx_word' id='word_1_286' title='bbox 938 2270 1079 2300; x_wconf 81' lang='lat' dir='ltr'>exhibeat</span> 
     </span>
     <span class='ocr_line' id='line_1_32' title="bbox 240 2311 1074 2350; baseline -0.002 -7"><span class='ocrx_word' id='word_1_287' title='bbox 240 2314 375 2344; x_wconf 81' lang='lat' dir='ltr'>Lunam.</span> <span class='ocrx_word' id='word_1_288' title='bbox 426 2314 458 2345; x_wconf 92' lang='lat' dir='ltr'>Si</span> <span class='ocrx_word' id='word_1_289' title='bbox 474 2315 562 2345; x_wconf 84' lang='lat' dir='ltr'>nulla</span> <span class='ocrx_word' id='word_1_290' title='bbox 575 2321 654 2345; x_wconf 85' lang='lat' dir='ltr'>esset</span> <span class='ocrx_word' id='word_1_291' title='bbox 668 2314 701 2343; x_wconf 88' lang='lat' dir='ltr'>in</span> <span class='ocrx_word' id='word_1_292' title='bbox 718 2314 879 2345; x_wconf 85' lang='lat' dir='ltr'>Tellurem</span> <span class='ocrx_word' id='word_1_293' title='bbox 894 2312 983 2350; x_wconf 83' lang='lat' dir='ltr'>acti0,</span> <span class='ocrx_word' id='word_1_294' title='bbox 1001 2311 1074 2342; x_wconf 88' lang='lat' dir='ltr'>Tel-</span> 
     </span>
     <span class='ocr_line' id='line_1_33' title="bbox 238 2355 1074 2398; baseline -0.002 -12"><span class='ocrx_word' id='word_1_295' title='bbox 238 2356 287 2386; x_wconf 90' lang='lat' dir='ltr'>lus</span> <span class='ocrx_word' id='word_1_296' title='bbox 307 2356 472 2395; x_wconf 80' lang='lat' dir='ltr'>profundis</span> <span class='ocrx_word' id='word_1_297' title='bbox 493 2358 580 2398; x_wconf 87' lang='lat' dir='ltr'>aquis</span> <span class='ocrx_word' id='word_1_298' title='bbox 601 2356 740 2396; x_wconf 72' lang='lat' dir='ltr'>undique</span> <span class='ocrx_word' id='word_1_299' title='bbox 756 2362 899 2395; x_wconf 79' lang='lat' dir='ltr'>cooperta</span> <span class='ocrx_word' id='word_1_300' title='bbox 921 2362 951 2385; x_wconf 92' lang='lat' dir='ltr'>et</span> <span class='ocrx_word' id='word_1_301' title='bbox 972 2355 1074 2395; x_wconf 79' lang='lat' dir='ltr'>quies-</span> 
     </span>
     <span class='ocr_line' id='line_1_34' title="bbox 238 2399 1070 2441; baseline -0.002 -12"><span class='ocrx_word' id='word_1_302' title='bbox 238 2409 310 2429; x_wconf 83' lang='lat' dir='ltr'>cens</span> <span class='ocrx_word' id='word_1_303' title='bbox 327 2400 397 2441; x_wconf 88' lang='lat' dir='ltr'>(per</span> <span class='ocrx_word' id='word_1_304' title='bbox 413 2399 520 2439; x_wconf 89' lang='lat' dir='ltr'>Hyp.)</span> <span class='ocrx_word' id='word_1_305' title='bbox 547 2400 580 2429; x_wconf 91' lang='lat' dir='ltr'>in</span> <span class='ocrx_word' id='word_1_306' title='bbox 603 2400 753 2439; x_wconf 80' lang='lat' dir='ltr'>sphaeram</span> <span class='ocrx_word' id='word_1_307' title='bbox 775 2409 841 2429; x_wconf 87' lang='lat' dir='ltr'>sese</span> <span class='ocrx_word' id='word_1_308' title='bbox 862 2403 1070 2437; x_wconf 86' lang='lat' dir='ltr'>componeret.</span> 
     </span>
     <span class='ocr_line' id='line_1_35' title="bbox 241 2440 1074 2483; baseline -0.002 -12"><span class='ocrx_word' id='word_1_309' title='bbox 241 2441 287 2471; x_wconf 80' lang='lat' dir='ltr'>At</span> <span class='ocrx_word' id='word_1_310' title='bbox 302 2441 432 2483; x_wconf 84' lang='lat' dir='ltr'>singulae</span> <span class='ocrx_word' id='word_1_311' title='bbox 451 2442 586 2472; x_wconf 87' lang='lat' dir='ltr'>Telluris</span> <span class='ocrx_word' id='word_1_312' title='bbox 607 2449 706 2481; x_wconf 77' lang='lat' dir='ltr'>partes</span> <span class='ocrx_word' id='word_1_313' title='bbox 720 2441 873 2481; x_wconf 83' lang='lat' dir='ltr'>gravitant</span> <span class='ocrx_word' id='word_1_314' title='bbox 887 2441 919 2471; x_wconf 93' lang='lat' dir='ltr'>in</span> <span class='ocrx_word' id='word_1_315' title='bbox 936 2440 1074 2476; x_wconf 81' lang='lat' dir='ltr'>Lunam,</span> 
     </span>
     <span class='ocr_line' id='line_1_36' title="bbox 239 2482 1075 2524; baseline 0 -11"><span class='ocrx_word' id='word_1_316' title='bbox 239 2491 345 2524; x_wconf 81' lang='lat' dir='ltr'>estque</span> <span class='ocrx_word' id='word_1_317' title='bbox 366 2486 501 2524; x_wconf 75' lang='lat' dir='ltr'>gravitas</span> <span class='ocrx_word' id='word_1_318' title='bbox 518 2485 555 2514; x_wconf 86' lang='lat' dir='ltr'>in</span> <span class='ocrx_word' id='word_1_319' title='bbox 574 2485 704 2515; x_wconf 83' lang='lat' dir='ltr'>Lunam</span> <span class='ocrx_word' id='word_1_320' title='bbox 725 2485 758 2514; x_wconf 86' lang='lat' dir='ltr'>in</span> <span class='ocrx_word' id='word_1_321' title='bbox 780 2484 897 2514; x_wconf 85' lang='lat' dir='ltr'>ratione</span> <span class='ocrx_word' id='word_1_322' title='bbox 917 2482 1075 2523; x_wconf 59' lang='lat' dir='ltr'>duplicata.</span> 
     </span>
     <span class='ocr_line' id='line_1_37' title="bbox 238 2525 1072 2565; baseline -0.001 -9"><span class='ocrx_word' id='word_1_323' title='bbox 238 2526 452 2557; x_wconf 69' lang='lat' dir='ltr'>distantiarum</span> <span class='ocrx_word' id='word_1_324' title='bbox 464 2538 486 2557; x_wconf 75' lang='lat' dir='ltr'>a</span> <span class='ocrx_word' id='word_1_325' title='bbox 502 2534 607 2557; x_wconf 90' lang='lat' dir='ltr'>centro</span> <span class='ocrx_word' id='word_1_326' title='bbox 621 2525 784 2565; x_wconf 75' lang='lat' dir='ltr'>reciproce.</span> <span class='ocrx_word' id='word_1_327' title='bbox 831 2526 905 2557; x_wconf 89' lang='lat' dir='ltr'>Jam</span> <span class='ocrx_word' id='word_1_328' title='bbox 921 2525 992 2557; x_wconf 71' lang='lat' dir='ltr'>vero</span> <span class='ocrx_word' id='word_1_329' title='bbox 1007 2535 1072 2556; x_wconf 89' lang='lat' dir='ltr'>rec-</span> 
     </span>
     <span class='ocr_line' id='line_1_38' title="bbox 239 2568 1072 2620; baseline -0.001 -21"><span class='ocrx_word' id='word_1_330' title='bbox 239 2575 270 2599; x_wconf 76' lang='lat' dir='ltr'>ta</span> <span class='ocrx_word' id='word_1_331' title='bbox 286 2570 315 2599; x_wconf 91' lang='lat' dir='ltr'>L</span> <span class='ocrx_word' id='word_1_332' title='bbox 331 2568 370 2606; x_wconf 85' lang='grc' dir='ltr'>Γ,</span> <span class='ocrx_word' id='word_1_333' title='bbox 393 2575 526 2608; x_wconf 77' lang='lat' dir='ltr'>exponat</span> <span class='ocrx_word' id='word_1_334' title='bbox 550 2570 742 2620; x_wconf 77' lang='lat' dir='ltr'>gravitatem</span> <span class='ocrx_word' id='word_1_335' title='bbox 740 2568 991 2599; x_wconf 80' lang='lat' dir='ltr'>acceleratricem</span> <span class='ocrx_word' id='word_1_336' title='bbox 1006 2578 1072 2599; x_wconf 87' lang='lat' dir='ltr'>cor-</span> 
     </span>
     <span class='ocr_line' id='line_1_39' title="bbox 239 2611 1071 2651; baseline 0 -10"><span class='ocrx_word' id='word_1_337' title='bbox 239 2612 321 2650; x_wconf 89' lang='lat' dir='ltr'>poris</span> <span class='ocrx_word' id='word_1_338' title='bbox 336 2612 367 2641; x_wconf 92' lang='lat' dir='ltr'>in</span> <span class='ocrx_word' id='word_1_339' title='bbox 382 2619 487 2642; x_wconf 87' lang='lat' dir='ltr'>centro</span> <span class='ocrx_word' id='word_1_340' title='bbox 505 2613 534 2642; x_wconf 95' lang='lat' dir='ltr'>T</span> <span class='ocrx_word' id='word_1_341' title='bbox 548 2612 639 2651; x_wconf 82' lang='lat' dir='ltr'>positi</span> <span class='ocrx_word' id='word_1_342' title='bbox 655 2621 760 2641; x_wconf 84' lang='lat' dir='ltr'>versus</span> <span class='ocrx_word' id='word_1_343' title='bbox 777 2611 911 2646; x_wconf 77' lang='lat' dir='ltr'>Lunam,</span> <span class='ocrx_word' id='word_1_344' title='bbox 929 2612 1028 2650; x_wconf 87' lang='lat' dir='ltr'>sitque</span> <span class='ocrx_word' id='word_1_345' title='bbox 1041 2611 1071 2641; x_wconf 88' lang='lat' dir='ltr'><strong>E</strong></span> 
     </span>
     <span class='ocr_line' id='line_1_40' title="bbox 238 2652 1073 2693; baseline -0.001 -10"><span class='ocrx_word' id='word_1_346' title='bbox 238 2654 383 2693; x_wconf 83' lang='lat' dir='ltr'>quaelibet</span> <span class='ocrx_word' id='word_1_347' title='bbox 407 2654 494 2685; x_wconf 87' lang='lat' dir='ltr'>fluidi</span> <span class='ocrx_word' id='word_1_348' title='bbox 519 2654 630 2685; x_wconf 80' lang='lat' dir='ltr'>marini</span> <span class='ocrx_word' id='word_1_349' title='bbox 656 2653 815 2693; x_wconf 82' lang='lat' dir='ltr'>particula.</span> <span class='ocrx_word' id='word_1_350' title='bbox 874 2653 906 2682; x_wconf 88' lang='lat' dir='ltr'>Si</span> <span class='ocrx_word' id='word_1_351' title='bbox 927 2653 965 2682; x_wconf 89' lang='lat' dir='ltr'>in</span> <span class='ocrx_word' id='word_1_352' title='bbox 989 2652 1073 2683; x_wconf 83' lang='lat' dir='ltr'>recta</span> 
     </span>
     <span class='ocr_line' id='line_1_41' title="bbox 241 2695 1072 2736; baseline 0.001 -10"><span class='ocrx_word' id='word_1_353' title='bbox 241 2696 269 2726; x_wconf 93' lang='lat' dir='ltr'>L</span> <span class='ocrx_word' id='word_1_354' title='bbox 293 2697 322 2727; x_wconf 90' lang='lat' dir='ltr'>E</span> <span class='ocrx_word' id='word_1_355' title='bbox 351 2696 502 2736; x_wconf 80' lang='lat' dir='ltr'>producta</span> <span class='ocrx_word' id='word_1_356' title='bbox 531 2703 672 2730; x_wconf 79' lang='lat' dir='ltr'>sumatur</span> <span class='ocrx_word' id='word_1_357' title='bbox 703 2696 731 2726; x_wconf 89' lang='lat' dir='ltr'>L</span> <span class='ocrx_word' id='word_1_358' title='bbox 756 2695 789 2726; x_wconf 89' lang='lat' dir='ltr'><strong>K</strong></span> <span class='ocrx_word' id='word_1_359' title='bbox 815 2706 862 2736; x_wconf 82' lang='lat' dir='ltr'>aeq</span> <span class='ocrx_word' id='word_1_360' title='bbox 864 2695 942 2726; x_wconf 75' lang='lat' dir='ltr'>ualis</span> <span class='ocrx_word' id='word_1_361' title='bbox 972 2695 1001 2725; x_wconf 97' lang='lat' dir='ltr'>L</span> <span class='ocrx_word' id='word_1_362' title='bbox 1032 2696 1072 2732; x_wconf 85' lang='lat' dir='ltr'>T.</span> 
     </span>
     <span class='ocr_line' id='line_1_42' title="bbox 240 2737 1073 2778; baseline -0.001 -9"><span class='ocrx_word' id='word_1_363' title='bbox 240 2738 338 2778; x_wconf 64' lang='lat' dir='ltr'>sitque</span> <span class='ocrx_word' id='word_1_364' title='bbox 354 2740 383 2770; x_wconf 94' lang='lat' dir='ltr'>L</span> <span class='ocrx_word' id='word_1_365' title='bbox 399 2740 425 2770; x_wconf 91' lang='lat' dir='ltr'><strong>F</strong></span> <span class='ocrx_word' id='word_1_366' title='bbox 439 2739 477 2770; x_wconf 78' lang='lat' dir='ltr'>ad</span> <span class='ocrx_word' id='word_1_367' title='bbox 495 2740 524 2771; x_wconf 81' lang='lat'>1.</span> <span class='ocrx_word' id='word_1_368' title='bbox 540 2739 574 2770; x_wconf 87' lang='lat' dir='ltr'>K</span> <span class='ocrx_word' id='word_1_369' title='bbox 588 2739 622 2769; x_wconf 86' lang='lat' dir='ltr'>in</span> <span class='ocrx_word' id='word_1_370' title='bbox 636 2737 794 2778; x_wconf 67' lang='lat' dir='ltr'>duplicata</span> <span class='ocrx_word' id='word_1_371' title='bbox 808 2739 925 2769; x_wconf 79' lang='lat' dir='ltr'>ratione</span> <span class='ocrx_word' id='word_1_372' title='bbox 942 2738 970 2768; x_wconf 93' lang='lat' dir='ltr'>L</span> <span class='ocrx_word' id='word_1_373' title='bbox 986 2738 1018 2768; x_wconf 90' lang='lat' dir='ltr'>K</span> <span class='ocrx_word' id='word_1_374' title='bbox 1032 2738 1073 2768; x_wconf 77' lang='lat' dir='ltr'>ad</span> 
     </span>
     <span class='ocr_line' id='line_1_43' title="bbox 241 2779 1073 2821; baseline -0.005 -7"><span class='ocrx_word' id='word_1_375' title='bbox 241 2779 270 2809; x_wconf 83' lang='lat' dir='ltr'>L</span> <span class='ocrx_word' id='word_1_376' title='bbox 290 2781 327 2816; x_wconf 84' lang='lat' dir='ltr'>E,</span> <span class='ocrx_word' id='word_1_377' title='bbox 349 2788 429 2813; x_wconf 78' lang='lat' dir='ltr'>recta</span> <span class='ocrx_word' id='word_1_378' title='bbox 452 2783 482 2813; x_wconf 90' lang='lat' dir='ltr'>L</span> <span class='ocrx_word' id='word_1_379' title='bbox 500 2782 526 2813; x_wconf 90' lang='lat' dir='ltr'><strong>F</strong></span> <span class='ocrx_word' id='word_1_380' title='bbox 546 2787 678 2821; x_wconf 86' lang='lat' dir='ltr'>exponet</span> <span class='ocrx_word' id='word_1_381' title='bbox 693 2781 871 2821; x_wconf 79' lang='lat' dir='ltr'>gravitatem</span> <span class='ocrx_word' id='word_1_382' title='bbox 886 2780 1020 2819; x_wconf 85' lang='lat' dir='ltr'>corporis</span> <span class='ocrx_word' id='word_1_383' title='bbox 1040 2780 1073 2810; x_wconf 85' lang='lat' dir='ltr'>in</span> 
     </span>
     <span class='ocr_line' id='line_1_44' title="bbox 239 2822 1075 2864; baseline 0.001 -13"><span class='ocrx_word' id='word_1_384' title='bbox 239 2822 308 2852; x_wconf 74' lang='lat' dir='ltr'>loeo</span> <span class='ocrx_word' id='word_1_385' title='bbox 325 2824 354 2854; x_wconf 80' lang='lat' dir='ltr'>E</span> <span class='ocrx_word' id='word_1_386' title='bbox 371 2835 475 2855; x_wconf 83' lang='lat' dir='ltr'>versus</span> <span class='ocrx_word' id='word_1_387' title='bbox 491 2825 628 2861; x_wconf 80' lang='lat' dir='ltr'>Lunam,</span> <span class='ocrx_word' id='word_1_388' title='bbox 644 2833 714 2864; x_wconf 87' lang='lat' dir='ltr'>quae</span> <span class='ocrx_word' id='word_1_389' title='bbox 729 2823 774 2853; x_wconf 91' lang='lat' dir='ltr'>vis</span> <span class='ocrx_word' id='word_1_390' title='bbox 788 2822 956 2853; x_wconf 84' lang='lat' dir='ltr'>dividitur&#39;</span> <span class='ocrx_word' id='word_1_391' title='bbox 948 2832 982 2852; x_wconf 87' lang='lat' dir='ltr'>m</span> <span class='ocrx_word' id='word_1_392' title='bbox 990 2823 1075 2853; x_wconf 83' lang='lat' dir='ltr'>vires</span> 
     </span>
     <span class='ocr_line' id='line_1_45' title="bbox 239 2864 1074 2918; baseline 0.001 -24"><span class='ocrx_word' id='word_1_393' title='bbox 239 2871 276 2894; x_wconf 89' lang='lat' dir='ltr'>ut</span> <span class='ocrx_word' id='word_1_394' title='bbox 301 2865 374 2896; x_wconf 87' lang='lat' dir='ltr'>FG</span> <span class='ocrx_word' id='word_1_395' title='bbox 396 2874 427 2897; x_wconf 90' lang='lat' dir='ltr'>et</span> <span class='ocrx_word' id='word_1_396' title='bbox 452 2868 529 2898; x_wconf 92' lang='lat' dir='ltr'>GL</span> <span class='ocrx_word' id='word_1_397' title='bbox 553 2867 663 2918; x_wconf 87' lang='lat' dir='ltr'>(Prop.</span> <span class='ocrx_word' id='word_1_398' title='bbox 684 2866 817 2896; x_wconf 87' lang='lat' dir='ltr'>LXVI.</span> <span class='ocrx_word' id='word_1_399' title='bbox 844 2865 915 2896; x_wconf 85' lang='lat' dir='ltr'>Lib.</span> <span class='ocrx_word' id='word_1_400' title='bbox 936 2864 993 2904; x_wconf 87' lang='lat' dir='ltr'>L).</span> <span class='ocrx_word' id='word_1_401' title='bbox 1042 2865 1074 2895; x_wconf 87' lang='lat' dir='ltr'>Si</span> 
     </span>
     <span class='ocr_line' id='line_1_46' title="bbox 239 2908 1074 2959; baseline 0 -22"><span class='ocrx_word' id='word_1_402' title='bbox 239 2913 345 2937; x_wconf 75' lang='lat' dir='ltr'>autem</span> <span class='ocrx_word' id='word_1_403' title='bbox 361 2918 384 2938; x_wconf 77' lang='lat' dir='ltr'>a</span> <span class='ocrx_word' id='word_1_404' title='bbox 403 2909 434 2939; x_wconf 88' lang='lat' dir='ltr'>-vi</span> <span class='ocrx_word' id='word_1_405' title='bbox 449 2908 503 2939; x_wconf 64' lang='lat' dir='ltr'>illa</span> <span class='ocrx_word' id='word_1_406' title='bbox 524 2909 589 2949; x_wconf 69' lang='lat' dir='ltr'>quii</span> <span class='ocrx_word' id='word_1_407' title='bbox 603 2919 714 2948; x_wconf 81' lang='lat' dir='ltr'>corpus</span> <span class='ocrx_word' id='word_1_408' title='bbox 728 2909 761 2938; x_wconf 89' lang='lat' dir='ltr'>in</span> <span class='ocrx_word' id='word_1_409' title='bbox 785 2908 815 2938; x_wconf 89' lang='lat' dir='ltr'>E</span> <span class='ocrx_word' id='word_1_410' title='bbox 833 2908 967 2939; x_wconf 74' lang='lat' dir='ltr'>locatum</span> <span class='ocrx_word' id='word_1_411' title='bbox 983 2917 1074 2959; x_wconf 83' lang='lat' dir='ltr'>urge-</span> 
     </span>
     <span class='ocr_line' id='line_1_47' title="bbox 240 2950 1078 2990; baseline 0 -11"><span class='ocrx_word' id='word_1_412' title='bbox 240 2955 302 2985; x_wconf 80' lang='lat' dir='ltr'>tur,</span> <span class='ocrx_word' id='word_1_413' title='bbox 318 2960 387 2990; x_wconf 85' lang='lat' dir='ltr'>quae</span> <span class='ocrx_word' id='word_1_414' title='bbox 402 2958 448 2981; x_wconf 88' lang='lat' dir='ltr'>est</span> <span class='ocrx_word' id='word_1_415' title='bbox 456 2958 497 2982; x_wconf 65' lang='lat' dir='ltr'>vt</span> <span class='ocrx_word' id='word_1_416' title='bbox 518 2952 551 2982; x_wconf 87' lang='lat' dir='ltr'>G</span> <span class='ocrx_word' id='word_1_417' title='bbox 569 2952 608 2989; x_wconf 93' lang='lat' dir='ltr'>L,</span> <span class='ocrx_word' id='word_1_418' title='bbox 632 2951 788 2982; x_wconf 74' lang='lat' dir='ltr'>auferatur</span> <span class='ocrx_word' id='word_1_419' title='bbox 803 2950 847 2980; x_wconf 85' lang='lat' dir='ltr'>vis</span> <span class='ocrx_word' id='word_1_420' title='bbox 862 2956 898 2980; x_wconf 85' lang='lat' dir='ltr'>ut</span> <span class='ocrx_word' id='word_1_421' title='bbox 919 2950 948 2980; x_wconf 90' lang='lat' dir='ltr'>T</span> <span class='ocrx_word' id='word_1_422' title='bbox 963 2950 992 2980; x_wconf 89' lang='lat' dir='ltr'>L</span> <span class='ocrx_word' id='word_1_423' title='bbox 1014 2960 1078 2990; x_wconf 86' lang='lat' dir='ltr'>qua</span> 
     </span>
     <span class='ocr_line' id='line_1_48' title="bbox 244 2992 1077 3034; baseline -0.001 -12"><span class='ocrx_word' id='word_1_424' title='bbox 244 2998 385 3022; x_wconf 77' lang='lat' dir='ltr'>centrum</span> <span class='ocrx_word' id='word_1_425' title='bbox 410 2993 543 3023; x_wconf 83' lang='lat' dir='ltr'>Telluris</span> <span class='ocrx_word' id='word_1_426' title='bbox 558 3000 687 3034; x_wconf 84' lang='lat' dir='ltr'>urgetur</span> <span class='ocrx_word' id='word_1_427' title='bbox 701 3003 805 3024; x_wconf 86' lang='lat' dir='ltr'>versus</span> <span class='ocrx_word' id='word_1_428' title='bbox 826 2993 961 3029; x_wconf 83' lang='lat' dir='ltr'>Lunam,</span> <span class='ocrx_word' id='word_1_429' title='bbox 984 2992 1077 3022; x_wconf 86' lang='lat' dir='ltr'>relin-</span> 
     </span>
     <span class='ocr_line' id='line_1_49' title="bbox 243 3034 1078 3083; baseline 0 -19"><span class='ocrx_word' id='word_1_430' title='bbox 243 3040 381 3074; x_wconf 82' lang='lat' dir='ltr'>quentur</span> <span class='ocrx_word' id='word_1_431' title='bbox 403 3035 481 3065; x_wconf 83' lang='lat' dir='ltr'>vires</span> <span class='ocrx_word' id='word_1_432' title='bbox 502 3042 538 3066; x_wconf 86' lang='lat' dir='ltr'>ut</span> <span class='ocrx_word' id='word_1_433' title='bbox 562 3036 588 3066; x_wconf 90' lang='lat' dir='ltr'><strong>F</strong></span> <span class='ocrx_word' id='word_1_434' title='bbox 605 3037 646 3072; x_wconf 89' lang='lat' dir='ltr'>G,</span> <span class='ocrx_word' id='word_1_435' title='bbox 667 3037 700 3067; x_wconf 82' lang='lat' dir='ltr'>G</span> <span class='ocrx_word' id='word_1_436' title='bbox 719 3036 757 3072; x_wconf 87' lang='lat' dir='ltr'>T,</span> <span class='ocrx_word' id='word_1_437' title='bbox 781 3036 892 3076; x_wconf 75' lang='lat' dir='ltr'>quibus</span> <span class='ocrx_word' id='word_1_438' title='bbox 915 3044 1025 3083; x_wconf 87' lang='lat' dir='ltr'>corpus</span> <span class='ocrx_word' id='word_1_439' title='bbox 1049 3034 1078 3064; x_wconf 87' lang='lat' dir='ltr'>E</span> 
     </span>
    </p>
   </div>
   <div class='ocr_carea' id='block_1_7' title="bbox 1116 2226 1954 3075">
    <p class='ocr_par' dir='ltr' id='par_1_9' title="bbox 1116 2226 1954 3075">
     <span class='ocr_line' id='line_1_50' title="bbox 1119 2226 1951 2268; baseline 0.004 -12"><span class='ocrx_word' id='word_1_440' title='bbox 1119 2234 1271 2266; x_wconf 86' lang='lat' dir='ltr'>punctum</span> <span class='ocrx_word' id='word_1_441' title='bbox 1296 2226 1430 2257; x_wconf 86' lang='lat' dir='ltr'>Telluris</span> <span class='ocrx_word' id='word_1_442' title='bbox 1445 2227 1534 2268; x_wconf 88' lang='lat' dir='ltr'>cujus</span> <span class='ocrx_word' id='word_1_443' title='bbox 1548 2229 1648 2258; x_wconf 87' lang='lat' dir='ltr'>zenith</span> <span class='ocrx_word' id='word_1_444' title='bbox 1666 2227 1760 2258; x_wconf 73' lang='lat' dir='ltr'>Luna</span> <span class='ocrx_word' id='word_1_445' title='bbox 1780 2228 1951 2266; x_wconf 79' lang='lat' dir='ltr'>immineat,</span> 
     </span>
     <span class='ocr_line' id='line_1_51' title="bbox 1123 2268 1952 2318; baseline 0.004 -19"><span class='ocrx_word' id='word_1_446' title='bbox 1123 2272 1154 2299; x_wconf 92' lang='lat' dir='ltr'>A</span> <span class='ocrx_word' id='word_1_447' title='bbox 1178 2268 1250 2300; x_wconf 72' lang='lat' dir='ltr'>vero</span> <span class='ocrx_word' id='word_1_448' title='bbox 1275 2276 1426 2318; x_wconf 87' lang='lat' dir='ltr'>punctum</span> <span class='ocrx_word' id='word_1_449' title='bbox 1452 2270 1637 2318; x_wconf 81' lang='lat' dir='ltr'>oppositum,</span> <span class='ocrx_word' id='word_1_450' title='bbox 1664 2270 1785 2310; x_wconf 85' lang='lat' dir='ltr'>sintque</span> <span class='ocrx_word' id='word_1_451' title='bbox 1812 2271 1841 2301; x_wconf 89' lang='grc' dir='ltr'>Β</span> <span class='ocrx_word' id='word_1_452' title='bbox 1863 2277 1895 2301; x_wconf 89' lang='lat' dir='ltr'>et</span> <span class='ocrx_word' id='word_1_453' title='bbox 1918 2271 1952 2302; x_wconf 90' lang='lat' dir='ltr'><strong>D</strong></span> 
     </span>
     <span class='ocr_line' id='line_1_52' title="bbox 1119 2311 1952 2351; baseline 0.002 -10"><span class='ocrx_word' id='word_1_454' title='bbox 1119 2318 1235 2350; x_wconf 87' lang='lat' dir='ltr'>puncta</span> <span class='ocrx_word' id='word_1_455' title='bbox 1258 2312 1480 2351; x_wconf 82' lang='lat' dir='ltr'>circumposita,</span> <span class='ocrx_word' id='word_1_456' title='bbox 1503 2312 1565 2342; x_wconf 85' lang='lat' dir='ltr'>sive</span> <span class='ocrx_word' id='word_1_457' title='bbox 1587 2311 1689 2351; x_wconf 86' lang='lat' dir='ltr'>potius</span> <span class='ocrx_word' id='word_1_458' title='bbox 1710 2312 1875 2344; x_wconf 83' lang='lat' dir='ltr'>exhibeant</span> <span class='ocrx_word' id='word_1_459' title='bbox 1893 2313 1952 2343; x_wconf 88' lang='lat' dir='ltr'>cir-</span> 
     </span>
     <span class='ocr_line' id='line_1_53' title="bbox 1118 2354 1953 2396; baseline 0.005 -13"><span class='ocrx_word' id='word_1_460' title='bbox 1118 2354 1224 2384; x_wconf 89' lang='lat' dir='ltr'>culum</span> <span class='ocrx_word' id='word_1_461' title='bbox 1244 2354 1410 2384; x_wconf 87' lang='lat' dir='ltr'>horizontis</span> <span class='ocrx_word' id='word_1_462' title='bbox 1432 2354 1464 2384; x_wconf 87' lang='lat' dir='ltr'>in</span> <span class='ocrx_word' id='word_1_463' title='bbox 1485 2364 1548 2394; x_wconf 89' lang='lat' dir='ltr'>quo</span> <span class='ocrx_word' id='word_1_464' title='bbox 1569 2354 1665 2385; x_wconf 78' lang='lat' dir='ltr'>Luna</span> <span class='ocrx_word' id='word_1_465' title='bbox 1685 2361 1830 2392; x_wconf 67' lang='lat' dir='ltr'>versatur,</span> <span class='ocrx_word' id='word_1_466' title='bbox 1853 2355 1953 2396; x_wconf 81' lang='lat' dir='ltr'>liquet</span> 
     </span>
     <span class='ocr_line' id='line_1_54' title="bbox 1117 2395 1951 2437; baseline 0.002 -11"><span class='ocrx_word' id='word_1_467' title='bbox 1117 2403 1268 2435; x_wconf 87' lang='lat' dir='ltr'>punctum</span> <span class='ocrx_word' id='word_1_468' title='bbox 1296 2397 1325 2426; x_wconf 92' lang='lat' dir='ltr'>G</span> <span class='ocrx_word' id='word_1_469' title='bbox 1346 2407 1366 2426; x_wconf 78' lang='lat' dir='ltr'>a</span> <span class='ocrx_word' id='word_1_470' title='bbox 1390 2396 1419 2427; x_wconf 92' lang='lat' dir='ltr'>T</span> <span class='ocrx_word' id='word_1_471' title='bbox 1439 2395 1574 2426; x_wconf 72' lang='lat' dir='ltr'>maxime</span> <span class='ocrx_word' id='word_1_472' title='bbox 1594 2396 1714 2434; x_wconf 79' lang='lat' dir='ltr'>distare,</span> <span class='ocrx_word' id='word_1_473' title='bbox 1731 2397 1784 2427; x_wconf 90' lang='lat' dir='ltr'>ubi</span> <span class='ocrx_word' id='word_1_474' title='bbox 1797 2404 1951 2437; x_wconf 86' lang='lat' dir='ltr'>punctum</span> 
     </span>
     <span class='ocr_line' id='line_1_55' title="bbox 1121 2438 1951 2479; baseline 0.002 -10"><span class='ocrx_word' id='word_1_475' title='bbox 1121 2439 1151 2469; x_wconf 87' lang='grc' dir='ltr'><strong>Ε</strong></span> <span class='ocrx_word' id='word_1_476' title='bbox 1177 2446 1224 2469; x_wconf 86' lang='lat' dir='ltr'>est</span> <span class='ocrx_word' id='word_1_477' title='bbox 1247 2445 1302 2469; x_wconf 80' lang='lat' dir='ltr'>aut</span> <span class='ocrx_word' id='word_1_478' title='bbox 1323 2438 1355 2468; x_wconf 92' lang='lat' dir='ltr'>in</span> <span class='ocrx_word' id='word_1_479' title='bbox 1385 2438 1420 2475; x_wconf 90' lang='lat' dir='ltr'>C,</span> <span class='ocrx_word' id='word_1_480' title='bbox 1445 2444 1500 2469; x_wconf 84' lang='lat' dir='ltr'>aut</span> <span class='ocrx_word' id='word_1_481' title='bbox 1523 2439 1557 2468; x_wconf 89' lang='lat' dir='ltr'>in</span> <span class='ocrx_word' id='word_1_482' title='bbox 1579 2440 1629 2476; x_wconf 79' lang='lat' dir='ltr'>A;</span> <span class='ocrx_word' id='word_1_483' title='bbox 1651 2438 1685 2468; x_wconf 89' lang='lat' dir='ltr'>in</span> <span class='ocrx_word' id='word_1_484' title='bbox 1706 2439 1800 2479; x_wconf 80' lang='lat' dir='ltr'>priori</span> <span class='ocrx_word' id='word_1_485' title='bbox 1821 2450 1894 2471; x_wconf 76' lang='lat' dir='ltr'>casu</span> <span class='ocrx_word' id='word_1_486' title='bbox 1918 2440 1951 2471; x_wconf 86' lang='lat' dir='ltr'><strong>G</strong></span> 
     </span>
     <span class='ocr_line' id='line_1_56' title="bbox 1120 2481 1950 2520; baseline 0.002 -8"><span class='ocrx_word' id='word_1_487' title='bbox 1120 2487 1254 2512; x_wconf 80' lang='lat' dir='ltr'>transeat</span> <span class='ocrx_word' id='word_1_488' title='bbox 1277 2483 1309 2511; x_wconf 93' lang='lat' dir='ltr'>in</span> <span class='ocrx_word' id='word_1_489' title='bbox 1335 2481 1382 2516; x_wconf 89' lang='lat' dir='ltr'><strong>M,</strong></span> <span class='ocrx_word' id='word_1_490' title='bbox 1410 2481 1442 2510; x_wconf 87' lang='lat' dir='ltr'>in</span> <span class='ocrx_word' id='word_1_491' title='bbox 1466 2481 1623 2520; x_wconf 78' lang='lat' dir='ltr'>posteriori</span> <span class='ocrx_word' id='word_1_492' title='bbox 1648 2481 1682 2511; x_wconf 89' lang='lat' dir='ltr'>in</span> <span class='ocrx_word' id='word_1_493' title='bbox 1709 2482 1761 2519; x_wconf 82' lang='grc' dir='ltr'>Ν;</span> <span class='ocrx_word' id='word_1_494' title='bbox 1783 2482 1861 2513; x_wconf 85' lang='lat' dir='ltr'>dum</span> <span class='ocrx_word' id='word_1_495' title='bbox 1875 2482 1950 2514; x_wconf 60' lang='lat' dir='ltr'>vero</span> 
     </span>
     <span class='ocr_line' id='line_1_57' title="bbox 1117 2505 1950 2564; baseline 0.004 -11"><span class='ocrx_word' id='word_1_496' title='bbox 1117 2530 1268 2562; x_wconf 86' lang='lat' dir='ltr'>punctum</span> <span class='ocrx_word' id='word_1_497' title='bbox 1293 2523 1322 2553; x_wconf 92' lang='lat' dir='ltr'><strong>E</strong></span> <span class='ocrx_word' id='word_1_498' title='bbox 1346 2530 1482 2554; x_wconf 86' lang='lat' dir='ltr'>versatur</span> <span class='ocrx_word' id='word_1_499' title='bbox 1496 2523 1527 2552; x_wconf 92' lang='lat' dir='ltr'>in</span> <span class='ocrx_word' id='word_1_500' title='bbox 1542 2523 1658 2554; x_wconf 87' lang='lat' dir='ltr'>circulo</span> <span class='ocrx_word' id='word_1_501' title='bbox 1682 2524 1710 2554; x_wconf 91' lang='grc' dir='ltr'>Β</span> <span class='ocrx_word' id='word_1_502' title='bbox 1729 2505 1773 2562; x_wconf 89' lang='lat' dir='ltr'><strong>D,</strong></span> <span class='ocrx_word' id='word_1_503' title='bbox 1796 2530 1950 2564; x_wconf 79' lang='lat' dir='ltr'>punctum</span> 
     </span>
     <span class='ocr_line' id='line_1_58' title="bbox 1121 2565 1950 2608; baseline 0.004 -12"><span class='ocrx_word' id='word_1_504' title='bbox 1121 2567 1150 2596; x_wconf 94' lang='lat' dir='ltr'>G</span> <span class='ocrx_word' id='word_1_505' title='bbox 1174 2565 1238 2597; x_wconf 73' lang='lat' dir='ltr'>fere</span> <span class='ocrx_word' id='word_1_506' title='bbox 1263 2565 1408 2596; x_wconf 86' lang='lat' dir='ltr'>coincidit</span> <span class='ocrx_word' id='word_1_507' title='bbox 1428 2576 1500 2596; x_wconf 88' lang='lat' dir='ltr'>cum</span> <span class='ocrx_word' id='word_1_508' title='bbox 1525 2566 1564 2602; x_wconf 86' lang='lat' dir='ltr'>T,</span> <span class='ocrx_word' id='word_1_509' title='bbox 1587 2566 1735 2607; x_wconf 78' lang='lat' dir='ltr'>nullaque</span> <span class='ocrx_word' id='word_1_510' title='bbox 1757 2567 1914 2608; x_wconf 63' lang='lat' dir='ltr'>partibus</span> <span class='ocrx_word' id='word_1_511' title='bbox 1914 2567 1950 2606; x_wconf 68' lang='lat' dir='ltr'>in</span> 
     </span>
     <span class='ocr_line' id='line_1_59' title="bbox 1117 2607 1949 2661; baseline 0.004 -24"><span class='ocrx_word' id='word_1_512' title='bbox 1117 2608 1232 2638; x_wconf 86' lang='lat' dir='ltr'>circulo</span> <span class='ocrx_word' id='word_1_513' title='bbox 1256 2609 1284 2639; x_wconf 93' lang='grc' dir='ltr'>Β</span> <span class='ocrx_word' id='word_1_514' title='bbox 1303 2608 1335 2638; x_wconf 95' lang='lat' dir='ltr'><strong>D</strong></span> <span class='ocrx_word' id='word_1_515' title='bbox 1357 2607 1462 2638; x_wconf 80' lang='lat' dir='ltr'>locatis</span> <span class='ocrx_word' id='word_1_516' title='bbox 1482 2608 1667 2661; x_wconf 80' lang='lat' dir='ltr'>relinquitur</span> <span class='ocrx_word' id='word_1_517' title='bbox 1688 2609 1732 2639; x_wconf 86' lang='lat' dir='ltr'>vis</span> <span class='ocrx_word' id='word_1_518' title='bbox 1756 2616 1867 2649; x_wconf 77' lang='lat' dir='ltr'>praeter</span> <span class='ocrx_word' id='word_1_519' title='bbox 1884 2609 1949 2640; x_wconf 71' lang='lat' dir='ltr'>vim</span> 
     </span>
     <span class='ocr_line' id='line_1_60' title="bbox 1116 2650 1949 2692; baseline 0.002 -11"><span class='ocrx_word' id='word_1_520' title='bbox 1116 2651 1272 2692; x_wconf 82' lang='lat' dir='ltr'>gravitatis</span> <span class='ocrx_word' id='word_1_521' title='bbox 1296 2650 1426 2689; x_wconf 82' lang='lat' dir='ltr'>propriae</span> <span class='ocrx_word' id='word_1_522' title='bbox 1451 2650 1543 2691; x_wconf 73' lang='lat' dir='ltr'>atque</span> <span class='ocrx_word' id='word_1_523' title='bbox 1569 2651 1630 2680; x_wconf 91' lang='lat' dir='ltr'>vim</span> <span class='ocrx_word' id='word_1_524' title='bbox 1658 2651 1686 2682; x_wconf 89' lang='lat' dir='ltr'><strong>F</strong></span> <span class='ocrx_word' id='word_1_525' title='bbox 1709 2652 1760 2690; x_wconf 90' lang='lat' dir='ltr'>G,</span> <span class='ocrx_word' id='word_1_526' title='bbox 1786 2651 1852 2691; x_wconf 68' lang='lat' dir='ltr'>ipen</span> <span class='ocrx_word' id='word_1_527' title='bbox 1875 2650 1949 2684; x_wconf 63' lang='lat' dir='ltr'>vero</span> 
     </span>
     <span class='ocr_line' id='line_1_61' title="bbox 1122 2692 1951 2734; baseline 0.002 -10"><span class='ocrx_word' id='word_1_528' title='bbox 1122 2694 1148 2724; x_wconf 80' lang='lat' dir='ltr'><strong>F</strong></span> <span class='ocrx_word' id='word_1_529' title='bbox 1165 2694 1207 2732; x_wconf 82' lang='lat' dir='ltr'>G,</span> <span class='ocrx_word' id='word_1_530' title='bbox 1223 2693 1258 2723; x_wconf 83' lang='lat' dir='ltr'>fit</span> <span class='ocrx_word' id='word_1_531' title='bbox 1275 2692 1303 2723; x_wconf 89' lang='lat' dir='ltr'>B</span> <span class='ocrx_word' id='word_1_532' title='bbox 1322 2693 1351 2723; x_wconf 95' lang='lat' dir='ltr'>T</span> <span class='ocrx_word' id='word_1_533' title='bbox 1366 2699 1420 2723; x_wconf 84' lang='lat' dir='ltr'>nut</span> <span class='ocrx_word' id='word_1_534' title='bbox 1438 2693 1469 2723; x_wconf 96' lang='lat' dir='ltr'><strong>D</strong></span> <span class='ocrx_word' id='word_1_535' title='bbox 1487 2693 1526 2730; x_wconf 89' lang='lat' dir='ltr'>T,</span> <span class='ocrx_word' id='word_1_536' title='bbox 1542 2693 1724 2725; x_wconf 81' lang='lat' dir='ltr'>co&#39;e&#39;untibus</span> <span class='ocrx_word' id='word_1_537' title='bbox 1737 2695 1860 2734; x_wconf 81' lang='lat' dir='ltr'>punctis</span> <span class='ocrx_word' id='word_1_538' title='bbox 1877 2694 1904 2726; x_wconf 90' lang='lat' dir='ltr'><strong>F</strong></span> <span class='ocrx_word' id='word_1_539' title='bbox 1917 2700 1951 2726; x_wconf 75' lang='lat' dir='ltr'>et</span> 
     </span>
     <span class='ocr_line' id='line_1_62' title="bbox 1119 2734 1950 2778; baseline 0.001 -11"><span class='ocrx_word' id='word_1_540' title='bbox 1119 2736 1172 2774; x_wconf 88' lang='lat' dir='ltr'>K,</span> <span class='ocrx_word' id='word_1_541' title='bbox 1195 2746 1290 2778; x_wconf 79' lang='lat' dir='ltr'>quare</span> <span class='ocrx_word' id='word_1_542' title='bbox 1304 2734 1391 2766; x_wconf 82' lang='lat' dir='ltr'>fluidi</span> <span class='ocrx_word' id='word_1_543' title='bbox 1407 2735 1588 2775; x_wconf 62' lang='lat' dir='ltr'>particulae</span> <span class='ocrx_word' id='word_1_544' title='bbox 1580 2746 1612 2765; x_wconf 85' lang='grc' dir='ltr'>ιιι</span> <span class='ocrx_word' id='word_1_545' title='bbox 1627 2736 1703 2768; x_wconf 81' lang='lat' dir='ltr'>locis</span> <span class='ocrx_word' id='word_1_546' title='bbox 1719 2737 1749 2768; x_wconf 88' lang='lat' dir='ltr'>B</span> <span class='ocrx_word' id='word_1_547' title='bbox 1764 2742 1806 2767; x_wconf 81' lang='lat' dir='ltr'>et</span> <span class='ocrx_word' id='word_1_548' title='bbox 1811 2737 1854 2775; x_wconf 88' lang='lat' dir='ltr'>D,</span> <span class='ocrx_word' id='word_1_549' title='bbox 1869 2746 1950 2777; x_wconf 66' lang='lat' dir='ltr'>pra-</span> 
     </span>
     <span class='ocr_line' id='line_1_63' title="bbox 1117 2777 1950 2819; baseline 0.001 -10"><span class='ocrx_word' id='word_1_550' title='bbox 1117 2785 1162 2809; x_wconf 77' lang='lat' dir='ltr'>ter</span> <span class='ocrx_word' id='word_1_551' title='bbox 1176 2780 1238 2809; x_wconf 85' lang='lat' dir='ltr'>vim</span> <span class='ocrx_word' id='word_1_552' title='bbox 1252 2777 1408 2819; x_wconf 78' lang='lat' dir='ltr'>gravitatis</span> <span class='ocrx_word' id='word_1_553' title='bbox 1429 2779 1559 2817; x_wconf 85' lang='lat' dir='ltr'>propriae</span> <span class='ocrx_word' id='word_1_554' title='bbox 1634 2785 1725 2810; x_wconf 77' lang='lat' dir='ltr'>entur</span> <span class='ocrx_word' id='word_1_555' title='bbox 1738 2778 1831 2810; x_wconf 75' lang='lat' dir='ltr'>etiam</span> <span class='ocrx_word' id='word_1_556' title='bbox 1845 2789 1950 2811; x_wconf 72' lang='lat' dir='ltr'>versus</span> 
     </span>
     <span class='ocr_line' id='line_1_64' title="bbox 1116 2788 1951 2861; baseline 0.002 -10"><span class='ocrx_word' id='word_1_557' title='bbox 1116 2829 1259 2852; x_wconf 80' lang='lat' dir='ltr'>centrum</span> <span class='ocrx_word' id='word_1_558' title='bbox 1278 2821 1346 2851; x_wconf 85' lang='lat' dir='ltr'>Tvi</span> <span class='ocrx_word' id='word_1_559' title='bbox 1360 2831 1397 2851; x_wconf 84' lang='lat' dir='ltr'>ex</span> <span class='ocrx_word' id='word_1_560' title='bbox 1413 2820 1508 2851; x_wconf 85' lang='lat' dir='ltr'>Luna</span> <span class='ocrx_word' id='word_1_561' title='bbox 1522 2788 1714 2861; x_wconf 45' lang='lat' dir='ltr'>procidente,</span> <span class='ocrx_word' id='word_1_562' title='bbox 1736 2821 1894 2861; x_wconf 67' lang='lat' dir='ltr'>particula</span> <span class='ocrx_word' id='word_1_563' title='bbox 1914 2822 1951 2853; x_wconf 80' lang='lat' dir='ltr'>in</span> 
     </span>
     <span class='ocr_line' id='line_1_65' title="bbox 1118 2863 1950 2906; baseline 0.005 -13"><span class='ocrx_word' id='word_1_564' title='bbox 1118 2863 1186 2894; x_wconf 90' lang='lat' dir='ltr'>loco</span> <span class='ocrx_word' id='word_1_565' title='bbox 1203 2864 1238 2898; x_wconf 91' lang='lat' dir='ltr'>C,</span> <span class='ocrx_word' id='word_1_566' title='bbox 1261 2873 1366 2894; x_wconf 85' lang='lat' dir='ltr'>versus</span> <span class='ocrx_word' id='word_1_567' title='bbox 1389 2863 1515 2895; x_wconf 75' lang='lat' dir='ltr'>Lunam</span> <span class='ocrx_word' id='word_1_568' title='bbox 1535 2863 1634 2906; x_wconf 81' lang='lat' dir='ltr'>magis</span> <span class='ocrx_word' id='word_1_569' title='bbox 1646 2864 1841 2895; x_wconf 69' lang='lat' dir='ltr'>attrahuntur</span> <span class='ocrx_word' id='word_1_570' title='bbox 1854 2863 1950 2906; x_wconf 61' lang='lat' dir='ltr'>quim</span> 
     </span>
     <span class='ocr_line' id='line_1_66' title="bbox 1121 2906 1950 2949; baseline 0.001 -12"><span class='ocrx_word' id='word_1_571' title='bbox 1121 2907 1216 2937; x_wconf 74' lang='lat' dir='ltr'>&#39;lena</span> <span class='ocrx_word' id='word_1_572' title='bbox 1237 2906 1357 2946; x_wconf 80' lang='lat' dir='ltr'>integra</span> <span class='ocrx_word' id='word_1_573' title='bbox 1377 2916 1448 2947; x_wconf 82' lang='lat' dir='ltr'>quae</span> <span class='ocrx_word' id='word_1_574' title='bbox 1470 2907 1502 2936; x_wconf 89' lang='lat' dir='ltr'>in</span> <span class='ocrx_word' id='word_1_575' title='bbox 1525 2912 1630 2938; x_wconf 83' lang='lat' dir='ltr'>centro</span> <span class='ocrx_word' id='word_1_576' title='bbox 1645 2906 1676 2938; x_wconf 94' lang='lat' dir='ltr'>T</span> <span class='ocrx_word' id='word_1_577' title='bbox 1690 2906 1789 2938; x_wconf 77' lang='lat' dir='ltr'>locata</span> <span class='ocrx_word' id='word_1_578' title='bbox 1803 2906 1880 2949; x_wconf 76' lang='lat' dir='ltr'>fingi</span> <span class='ocrx_word' id='word_1_579' title='bbox 1893 2917 1950 2948; x_wconf 86' lang='lat' dir='ltr'>po-</span> 
     </span>
     <span class='ocr_line' id='line_1_67' title="bbox 1121 2947 1951 2990; baseline 0.001 -10"><span class='ocrx_word' id='word_1_580' title='bbox 1121 2954 1196 2986; x_wconf 84' lang='lat' dir='ltr'>test;</span> <span class='ocrx_word' id='word_1_581' title='bbox 1220 2948 1376 2988; x_wconf 66' lang='lat' dir='ltr'>particulae</span> <span class='ocrx_word' id='word_1_582' title='bbox 1390 2954 1495 2980; x_wconf 81' lang='lat' dir='ltr'>autem</span> <span class='ocrx_word' id='word_1_583' title='bbox 1509 2949 1543 2978; x_wconf 87' lang='lat' dir='ltr'>in</span> <span class='ocrx_word' id='word_1_584' title='bbox 1557 2947 1626 2979; x_wconf 82' lang='lat' dir='ltr'>loco</span> <span class='ocrx_word' id='word_1_585' title='bbox 1643 2949 1683 2984; x_wconf 78' lang='lat' dir='ltr'>A,</span> <span class='ocrx_word' id='word_1_586' title='bbox 1704 2958 1808 2979; x_wconf 84' lang='lat' dir='ltr'>versus</span> <span class='ocrx_word' id='word_1_587' title='bbox 1825 2949 1951 2990; x_wconf 69' lang='lat' dir='ltr'>Lunam</span> 
     </span>
     <span class='ocr_line' id='line_1_68' title="bbox 1120 2987 1950 3033; baseline 0.004 -12"><span class='ocrx_word' id='word_1_588' title='bbox 1120 2990 1225 3021; x_wconf 73' lang='lat' dir='ltr'>minus</span> <span class='ocrx_word' id='word_1_589' title='bbox 1240 2992 1435 3022; x_wconf 76' lang='lat' dir='ltr'>attrahuntur</span> <span class='ocrx_word' id='word_1_590' title='bbox 1459 2990 1552 3032; x_wconf 64' lang='lat' dir='ltr'>quam</span> <span class='ocrx_word' id='word_1_591' title='bbox 1584 2991 1680 3022; x_wconf 80' lang='lat' dir='ltr'>Terra</span> <span class='ocrx_word' id='word_1_592' title='bbox 1706 2991 1827 3033; x_wconf 75' lang='lat' dir='ltr'>integra</span> <span class='ocrx_word' id='word_1_593' title='bbox 1850 2991 1884 3022; x_wconf 85' lang='lat' dir='ltr'>in</span> <span class='ocrx_word' id='word_1_594' title='bbox 1911 2987 1950 3029; x_wconf 78' lang='lat' dir='ltr'>T.</span> 
     </span>
     <span class='ocr_line' id='line_1_69' title="bbox 1123 3033 1954 3075; baseline 0.002 -11"><span class='ocrx_word' id='word_1_595' title='bbox 1123 3033 1254 3074; x_wconf 87' lang='lat' dir='ltr'>ideoque</span> <span class='ocrx_word' id='word_1_596' title='bbox 1275 3034 1383 3064; x_wconf 84' lang='lat' dir='ltr'>eodem</span> <span class='ocrx_word' id='word_1_597' title='bbox 1403 3033 1496 3064; x_wconf 87' lang='lat' dir='ltr'>modo</span> <span class='ocrx_word' id='word_1_598' title='bbox 1512 3033 1688 3065; x_wconf 78' lang='lat' dir='ltr'>afficiuntur</span> <span class='ocrx_word' id='word_1_599' title='bbox 1706 3044 1743 3065; x_wconf 74' lang='lat' dir='ltr'>ac</span> <span class='ocrx_word' id='word_1_600' title='bbox 1757 3035 1782 3064; x_wconf 74' lang='lat' dir='ltr'>si</span> <span class='ocrx_word' id='word_1_601' title='bbox 1798 3033 1839 3066; x_wconf 71' lang='lat' dir='ltr'>nd</span> <span class='ocrx_word' id='word_1_602' title='bbox 1853 3040 1954 3075; x_wconf 67' lang='lat' dir='ltr'>purte·</span> 
     </span>
    </p>
   </div>
   <div class='ocr_carea' id='block_1_8' title="bbox 243 3075 1955 3126">
    <p class='ocr_par' dir='ltr' id='par_1_10' title="bbox 243 3075 1955 3126">
     <span class='ocr_line' id='line_1_70' title="bbox 243 3075 1955 3126; baseline 0.002 -20"><span class='ocrx_word' id='word_1_603' title='bbox 243 3076 429 3107; x_wconf 77' lang='lat' dir='ltr'>sollicitatur</span> <span class='ocrx_word' id='word_1_604' title='bbox 454 3084 563 3116; x_wconf 81' lang='lat' dir='ltr'>praeter</span> <span class='ocrx_word' id='word_1_605' title='bbox 591 3079 652 3108; x_wconf 85' lang='lat' dir='ltr'>vim</span> <span class='ocrx_word' id='word_1_606' title='bbox 681 3078 813 3118; x_wconf 83' lang='lat' dir='ltr'>propriae</span> <span class='ocrx_word' id='word_1_607' title='bbox 839 3077 994 3126; x_wconf 68' lang='lat' dir='ltr'>gravitatis</span> <span class='ocrx_word' id='word_1_608' title='bbox 1017 3086 1081 3116; x_wconf 78' lang='lat' dir='ltr'>qua</span> <span class='ocrx_word' id='word_1_609' title='bbox 1123 3076 1287 3106; x_wconf 80' lang='lat' dir='ltr'>contrarias</span> <span class='ocrx_word' id='word_1_610' title='bbox 1308 3082 1501 3125; x_wconf 78' lang='lat' dir='ltr'>urgerentur.</span> <span class='ocrx_word' id='word_1_611' title='bbox 1549 3075 1595 3106; x_wconf 84' lang='lat' dir='ltr'>At</span> <span class='ocrx_word' id='word_1_612' title='bbox 1615 3075 1801 3115; x_wconf 67' lang='lat' dir='ltr'>particulo</span> <span class='ocrx_word' id='word_1_613' title='bbox 1790 3086 1824 3107; x_wconf 81' lang='lat' dir='ltr'>m</span> <span class='ocrx_word' id='word_1_614' title='bbox 1837 3075 1955 3109; x_wconf 63' lang='lat' dir='ltr'>circulo</span> 
     </span>
    </p>
   </div>
   <div class='ocr_carea' id='block_1_9' title="bbox 244 3118 1080 3160">
    <p class='ocr_par' dir='ltr' id='par_1_11' title="bbox 244 3118 1080 3160">
     <span class='ocr_line' id='line_1_71' title="bbox 244 3118 1080 3160; baseline 0 -11"><span class='ocrx_word' id='word_1_615' title='bbox 244 3118 348 3150; x_wconf 73' lang='lat' dir='ltr'>tendit</span> <span class='ocrx_word' id='word_1_616' title='bbox 363 3129 465 3150; x_wconf 80' lang='lat' dir='ltr'>versus</span> <span class='ocrx_word' id='word_1_617' title='bbox 480 3126 618 3150; x_wconf 84' lang='lat' dir='ltr'>centrum</span> <span class='ocrx_word' id='word_1_618' title='bbox 631 3121 735 3151; x_wconf 75' lang='lat' dir='ltr'>Teirae</span> <span class='ocrx_word' id='word_1_619' title='bbox 748 3127 781 3151; x_wconf 87' lang='lat' dir='ltr'>et</span> <span class='ocrx_word' id='word_1_620' title='bbox 792 3121 854 3151; x_wconf 85' lang='lat' dir='ltr'>vim</span> <span class='ocrx_word' id='word_1_621' title='bbox 869 3119 926 3160; x_wconf 85' lang='lat' dir='ltr'>ipsi</span> <span class='ocrx_word' id='word_1_622' title='bbox 941 3129 1080 3150; x_wconf 88' lang='lat' dir='ltr'>commu-</span> 
     </span>
    </p>
   </div>
   <div class='ocr_carea' id='block_1_10' title="bbox 1126 3117 1955 3161">
    <p class='ocr_par' dir='ltr' id='par_1_12' title="bbox 1126 3117 1955 3161">
     <span class='ocr_line' id='line_1_72' title="bbox 1126 3117 1955 3161; baseline 0.001 -11"><span class='ocrx_word' id='word_1_623' title='bbox 1126 3119 1155 3150; x_wconf 93' lang='lat' dir='ltr'>B</span> <span class='ocrx_word' id='word_1_624' title='bbox 1175 3119 1218 3156; x_wconf 91' lang='lat' dir='ltr'>D,</span> <span class='ocrx_word' id='word_1_625' title='bbox 1239 3118 1339 3160; x_wconf 77' lang='lat' dir='ltr'>magis</span> <span class='ocrx_word' id='word_1_626' title='bbox 1359 3117 1512 3161; x_wconf 74' lang='lat' dir='ltr'>gravitant</span> <span class='ocrx_word' id='word_1_627' title='bbox 1525 3127 1629 3149; x_wconf 81' lang='lat' dir='ltr'>versus</span> <span class='ocrx_word' id='word_1_628' title='bbox 1653 3118 1703 3158; x_wconf 86' lang='lat' dir='ltr'>T;</span> <span class='ocrx_word' id='word_1_629' title='bbox 1725 3119 1761 3150; x_wconf 85' lang='lat' dir='ltr'>in</span> <span class='ocrx_word' id='word_1_630' title='bbox 1781 3117 1856 3151; x_wconf 71' lang='lat' dir='ltr'>loeis</span> <span class='ocrx_word' id='word_1_631' title='bbox 1875 3118 1955 3151; x_wconf 73' lang='lat' dir='ltr'>inter</span> 
     </span>
    </p>
   </div>
  </div>
 </body>
</html>
