2092 3470
248 221 302 258 30

246 328 413 360 ostendunt
427 327 641 368 experimenta.
675 329 763 360 Hinc
777 337 845 369 post
855 332 1069 371 transcriptum

246 371 314 402 hoc>
333 371 434 411 ipsum
466 370 670 401 Corollarium
695 374 738 409 5.‚
768 373 871 403 subdit
900 375 1070 404 Muschen-

247 413 359 444 broek:
386 417 407 433 “
425 412 552 443 Utinam
572 414 727 444 memoriae
742 414 860 453 prodita
874 415 1002 446 fuissent
1018 427 1070 446 ex-

249 459 271 475 “
284 455 454 494 periments
475 466 512 485 ex
534 456 644 495 quibus
660 456 831 487 Newtonus
845 458 911 487 haec
927 458 1069 498 collegit3

250 501 270 517 “
284 497 411 528 forsitan
431 497 514 527 enim
530 498 576 527 vir
596 498 756 537 stupendae
770 499 945 529 subtilitatis
959 500 992 529 in
1006 511 1071 530 ma-

250 543 272 560 “
286 539 456 570 thematicis
474 539 642 580 disciplinis
660 541 840 571 methodum
856 541 971 572 invenit
986 552 1071 580 sepa-

250 585 272 602 “
285 581 372 613 randi
386 582 579 613 attractiones
593 593 612 613 a
625 582 847 621 repulsionibus
857 593 987 622 quarum
1003 594 1072 623 pro-

249 628 271 645 “
283 624 456 664 portionem
478 624 510 654 in
533 624 684 655 distantiae
703 625 820 654 ratione
845 625 995 663 triplicata
1019 626 1072 657 de..

249 670 272 687 “
285 676 418 697 crescere
439 666 648 705 deprehendit,
670 666 722 696 sed
736 666 810 706 quia
824 667 900 696 nihil
915 667 954 697 de
968 667 1026 699 hac
1041 679 1073 699 re

250 708 414 740 “ulterius
435 708 655 744 determinavit,
679 719 736 738 nec
755 709 898 747 amplecti
917 710 983 750 ejus
1004 721 1073 741 sen-

250 754 272 772 ⁴‘
285 750 412 782 tentiam
439 751 638 790 possumus.”
698 751 742 781 Ut
770 750 981 791 intelligantur
1006 754 1072 784 haec

251 793 374 825 Clariss.
406 792 660 823 Muschenbrokii
694 794 793 829 verba,
830 793 989 824 sciendum
1017 802 1072 833 est,

247 836 348 866 virum
362 835 572 866 doctissimum
587 835 650 865 suis
664 835 877 874 experimentis
895 836 929 865 in
943 848 1012 867 eam
1026 838 1074 868 in.

248 878 378 909 ductum
391 877 486 908 fuisse
500 876 714 916 suspicionem,
726 877 809 917 quod
820 877 934 909 scilicet
948 889 1075 920 magnes

248 925 399 951 constaret
423 919 560 959 partibus
584 919 672 950 valde
694 919 912 958 heterogeneis,
943 932 1075 961 quarum

247 962 391 1003 quaedam
405 962 598 998 attraherent,
614 961 756 1001 quaedam
770 961 960 1000 repellerent,
983 964 1025 995 ita
1039 970 1074 995 ut

248 1005 320 1036 duae
340 1004 402 1034 illae
422 1004 499 1034 vires
513 999 658 1043 oppositae
672 1004 719 1033 vel
734 1003 880 1043 simplicis
894 1006 1075 1044 repulsionis

249 1048 298 1078 vel
327 1046 513 1077 attractionis
541 1046 767 1085 proportionem
792 1048 925 1077 turbent.
975 1049 1075 1088 quue

249 1099 313 1120 non
341 1094 423 1119 caret
450 1088 723 1124 verisimilitudine,
759 1087 832 1118 cum
861 1090 1077 1129 experimentis

249 1131 505 1171 notissimum3sit,
521 1136 679 1170 magnetes
693 1141 756 1160 non
771 1130 872 1160 solum
887 1142 952 1162 sese
966 1132 1078 1164 mutuo

249 1175 407 1209 attrahere,
423 1172 477 1203 sed
491 1174 583 1203 etiam
597 1172 743 1202 alterutro
756 1180 900 1212 magnete
912 1174 944 1204 in
956 1182 1076 1208 contra.

249 1217 327 1247 riam
348 1220 638 1267 parterg'conversm
655 1224 755 1244 unum
770 1215 809 1244 ab
824 1215 870 1244 al-

249 1265 316 1289 tero
329 1257 446 1296 repelli.
493 1257 631 1296 Uterque
646 1256 798 1296 magnetis
815 1267 871 1296 po-

249 1301 300 1331 lus
313 1300 376 1330 vim
393 1299 591 1339 repellentem
611 1304 701 1338 atque
716 1299 872 1328 attrahen-

247 1349 313 1372 tem
328 1340 416 1382 aque
438 1341 579 1378 ostendit,
595 1347 626 1371 et
641 1339 752 1370 idcirco
767 1350 804 1370 ex
819 1351 872 1370 eo—

250 1385 321 1415 dem
350 1385 422 1423 polo
458 1384 503 1413 vis
530 1384 684 1413 attrahens
715 1388 745 1413 et
773 1383 871 1422 repel-

246 1426 318 1457 lens
335 1431 476 1456 emanat.
529 1426 562 1456 Si
581 1425 671 1455 amici
691 1431 872 1465 magnetum

249 1468 313 1508 poli
329 1468 387 1499 sibi
406 1470 610 1504 obvertuntur,
633 1467 771 1497 attractio
794 1477 872 1506 prae-

249 1510 347 1551 pollet
359 1510 536 1549 repulsioni,
560 1509 584 1539 si
599 1520 616 1540 e
631 1508 737 1539 contra
756 1509 872 1540 inimici

250 1553 315 1593 poli
329 1563 394 1583 sese
413 1553 544 1583 invicem
565 1552 736 1591 respiciant,
757 1562 873 1591 praeva-

249 1597 294 1627 let
315 1595 458 1634 repulsio.
519 1595 729 1630 Quamobrem
752 1594 805 1634 qui
823 1604 872 1624 so-

249 1639 315 1669 lam
342 1637 552 1668 attractionem
581 1636 647 1666 vult
670 1645 870 1676 cognoscere3

250 1686 441 1721 perspectam
459 1680 571 1708 habere
589 1678 679 1708 debet
694 1678 872 1708 eorumdem

250 1722 392 1762 polorum
402 1721 462 1751 vim
474 1720 667 1759 repulsivam,
680 1730 808 1760 eamque
819 1720 874 1750 ad-

251 1764 324 1795 dere
342 1763 372 1794 vi
391 1763 553 1794 attrahenti
574 1762 782 1802 experimento
801 1772 872 1803 cog-

250 1807 334 1842 nitae,
369 1816 490 1835 summa
516 1805 663 1835 indicabit
689 1804 753 1835 vim
777 1810 874 1835 totam

251 1849 465 1880 attrahentem.
508 1847 596 1878 Hinc
605 1848 708 1877 forsan
722 1846 788 1877 fieri
803 1857 873 1886 pos-

251 1897 299 1922 set
321 1897 358 1921 ut
380 1889 524 1929 separatis
549 1891 587 1920 ab
611 1889 743 1920 invicem
762 1895 872 1920 attrac-

246 1934 345 1964 'tionis
372 1931 615 1972 repulsionisque
651 1931 773 1968 viribus,
809 1937 952 1963 constans
986 1941 1080 1972 quam

254 1976 427 2006 Newtonus
448 1974 647 2014 deprehendit
666 1974 747 2004 inter
767 1974 961 2005 attractiones
975 1980 1005 2004 et
1019 1974 1080 2004 dis-

252 2017 363 2048 tantias
388 2016 542 2056 proportio
561 2017 718 2046 obtineret.
768 2016 813 2046 At
841 2015 912 2047 vero
940 2015 1014 2047 cum
1043 2026 1080 2046 ex

248 2060 361 2090 crassis
383 2059 643 2088 observationibus
663 2058 813 2089 duntaxat
836 2058 868 2088 id
889 2069 921 2088 se
944 2058 1083 2088 animad-

252 2103 379 2132 venisse
417 2100 549 2130 fateatur
589 2101 770 2137 Newtonus‚
814 2111 879 2130 non
911 2099 956 2131 ita
991 2099 1084 2141 longe

246 2143 420 2184 *quaerenda
434 2142 554 2173 videtur
567 2153 655 2173 rnens
669 2144 764 2173 nostri
779 2142 902 2173 autoris.

299 2189 315 2206 *¹
336 2186 409 2215 Vim
431 2186 636 2225 magneticam
650 2184 822 2215 decrescere
845 2186 876 2215 in
895 2192 1012 2215 ratione
1026 2185 1079 2215 tri-

254 2227 367 2268 plicata
396 2227 619 2264 distantiarum,
657 2229 695 2257 ab
729 2228 945 2266 experimentis
975 2227 1081 2257 statuit

257 2271 440 2300 Wisthonus
461 2270 492 2299 in
508 2269 632 2310 egregio
647 2270 805 2309 opusculo,
823 2271 873 2300 De
888 2269 972 2301 Aeas
990 2271 1080 2309 Mag·

254 2314 360 2344 neticae
383 2314 587 2343 Inclinatione
601 2326 611 2343 :
636 2312 701 2350 ipse
715 2318 819 2342 autem
837 2312 1080 2342 Muschenbroe-

255 2355 326 2385 kius
339 2354 373 2383 in
391 2354 490 2384 Tomo
503 2354 608 2384 Primo
620 2354 766 2394 Physices
783 2354 864 2391 Suae,
877 2354 1027 2384 rationem
1036 2354 1083 2383 di-

255 2396 436 2427 minutionis
453 2396 497 2426 vis
515 2397 697 2436 magneticae
711 2406 776 2426 esse
789 2396 853 2427 fere
867 2396 1083 2436 quadruplica-

253 2446 318 2469 tam
334 2439 546 2469 distantiarum
561 2438 686 2469 deducit
700 2438 952 2479 ingeniosissimis
966 2438 1082 2476 experi-

252 2481 377 2518 mentis,
408 2481 521 2511 scilicct
549 2488 726 2520 magnetem
755 2490 855 2510 unum
883 2480 971 2510 alteri
1001 2479 1082 2509 lanci

255 2523 382 2553 bilancis
404 2523 557 2562 appendit.
577 2523 764 2562 ponderibus
783 2522 817 2551 in
831 2520 927 2552 altera
941 2522 1028 2552 lance
1042 2521 1082 2551 ad

255 2565 460 2606 aequilibrium
476 2565 697 2595 instituendum
712 2563 870 2603 impositis,
893 2569 960 2594 tum
975 2563 1079 2593 admo·

256 2614 306 2638 vet
327 2614 501 2648 magnetem
522 2609 578 2637 sub
597 2617 634 2637 eo
653 2606 706 2646 qui
728 2616 894 2645 suspensus
911 2612 964 2642 est,
981 2605 1023 2635 sic
1038 2605 1083 2635 vis

256 2650 442 2680 attractionis
458 2655 639 2688 magnetum
659 2648 864 2688 aequilibrium
886 2647 975 2684 tollit,
998 2647 1082 2687 quod

256 2691 380 2731 adjectis
404 2691 589 2731 ponderibus
612 2690 789 2726 restituitur,
815 2696 846 2720 et
871 2689 1005 2728 pondera
1030 2689 1083 2719 illa

255 2733 395 2763 addenda
406 2733 487 2764 varia
501 2740 573 2763 sunt
587 2743 642 2772 pro
650 2731 735 2762 varia
746 2730 890 2762 distantia
900 2737 1082 2771 magnetum

256 2775 336 2804 inter
351 2785 392 2811 se,
409 2776 451 2806 ita
465 2782 500 2806 ut
515 2775 675 2806 videantur
689 2775 773 2815 sequi
786 2775 936 2804 rationem
948 2773 1082 2813 quadru-

255 2816 399 2856 plicatam
411 2818 559 2848 inversam
571 2817 659 2858 spatii
674 2817 762 2847 vacui
776 2817 854 2847 inter
866 2822 1024 2856 magnetes
1035 2815 1081 2844 in-

257 2859 391 2897 tercepti,
407 2860 491 2898 quod
506 2860 638 2898 spatium
652 2869 784 2889 vacuum
799 2868 863 2889 non
879 2864 924 2888 est
938 2857 1082 2897 cylindri-

255 2910 329 2930 cum
344 2907 399 2930 aut
413 2901 631 2939 prismaticum,
642 2901 715 2942 quia
729 2907 887 2943 magnetes
895 2900 1006 2941 quibus
1016 2905 1082 2929 ute-

252 2944 347 2973 batur
379 2943 427 2973 Cl.
461 2943 770 2978 Muschenbroekius‚
808 2949 894 2973 erant
921 2941 1081 2980 sphaerici;

256 2983 340 3014 unde
350 2985 420 3015 ‘baec
434 2985 511 3014 ratio
526 2995 589 3015 non
604 2993 649 3016 est
663 2984 804 3017 accurate
815 2984 894 3016 ratio
905 2982 1082 3025 quadrupli-

253 3031 323 3058 cata
334 3025 454 3057 inversa
465 3026 690 3058 distantiarum.

645 203 1092 263 PHILOSOPHIAE
1121 221 1481 267 NATURALIS
1523 225 1618 277 [DE
1636 224 1796 268 Mmm.
1815 226 1939 270 εγω.

1158 333 1233 364 Alia
1244 336 1359 365 ratione
1373 335 1441 365 haec
1451 336 1659 374 experimenta
1670 343 1799 376 possunt
1809 338 1938 375 institui,

1113 386 1224 415 nempe
1239 377 1458 407 considerando
1472 378 1622 408 actionem
1637 379 1788 419 magnetis
1802 380 1835 410 in
1848 391 1940 410 acum

1114 418 1328 457 magneticam,
1340 426 1490 458 quantum
1506 430 1616 459 nempe
1631 431 1685 459 pro
1696 421 1778 452 varia
1789 423 1941 463 magnetis

1114 459 1259 490 distantia
1287 472 1305 491 a
1320 462 1493 502 magnetico
1521 463 1690 494 meridiano
1718 474 1808 494 acum
1837 464 1938 495 detor-

1113 508 1213 541 queat,
1225 510 1316 542 atque
1325 502 1382 533 hac
1391 503 1517 540 ratione,
1527 505 1734 542 experimenta
1744 516 1762 536 a
1775 506 1940 536 Wisthono

1115 544 1254 574 instituta
1270 545 1364 575 fuisse
1385 545 1458 586 (nisi
1480 547 1625 576 memoria
1647 548 1741 588 fallit)
1762 555 1847 587 puto,
1869 559 1940 589 quae

1115 585 1194 616 forte
1209 586 1372 617 methodus
1386 597 1420 617 ea
1436 593 1481 617 est
1495 588 1587 618 etiam
1602 588 1664 629 qua
1682 590 1852 620 Newtonus
1866 601 1942 622 usus

1115 627 1224 662 fuerat,
1251 635 1282 658 et
1304 639 1377 658 sane
1400 629 1543 660 omnibus
1565 633 1658 668 probe
1677 632 1788 662 notatis
1809 643 1879 672 quae
1901 632 1942 663 ad

1117 670 1350 700 aestimationem
1361 670 1471 701 virium
1487 672 1693 711 requiruntur,
1707 674 1750 704 vis
1761 675 1942 715 magneticoe

1117 712 1355 742 diminutionem
1383 713 1552 743 secundum
1582 715 1764 753 triplicatam
1791 717 1942 747 rationem

1115 754 1278 793 procedere
1290 755 1504 793 experimentis
1514 756 1607 796 quam
1618 757 1842 789 accuratissime
1856 758 1944 797 potui

1116 797 1263 827 institutis
1282 796 1478 835 deprehendi,
1498 808 1568 838 quae
1587 797 1712 838 quidem
1734 800 1943 839 experimenta

1118 838 1206 880 (cum
1230 849 1293 869 non
1316 838 1377 869 sint
1399 839 1440 869 ad
1464 849 1592 870 manum
1613 851 1649 871 ea
1670 851 1739 882 quae
1762 842 1944 873 Wisthonus

1117 880 1174 911 hac
1189 881 1227 911 de
1242 891 1274 911 re
1289 880 1427 921 tradidit)
1450 881 1562 912 referre
1576 883 1670 913 nostri
1687 890 1762 922 puto
1777 894 1841 914 esse
1855 883 1943 915 iusti-

1117 923 1187 953 tuti.

1162 966 1208 996 Sit
1236 976 1310 1006 ergo
1342 967 1370 996 A
1399 967 1424 997 C
1454 967 1491 1000 B,
1522 967 1711 998 meridianus
1739 968 1942 1009 magneticus,

1119 1008 1152 1038 N
1170 1009 1196 1039 C
1222 1008 1243 1038 S
1271 1019 1343 1038 acus
1372 1008 1544 1048 magnetica
1572 1010 1691 1039 actione
1715 1011 1867 1050 magnetis
1893 1010 1943 1047 M,

1117 1057 1201 1080 extra
1229 1050 1432 1080 meridianum
1467 1052 1675 1090 magneticum
1710 1058 1814 1089 tracta,
1847 1052 1946 1094 sitque

1118 1092 1201 1123 linea
1223 1094 1248 1123 C
1266 1093 1304 1124 M
1326 1103 1344 1122 a
1365 1099 1470 1122 centro
1491 1103 1565 1123 acus
1579 1093 1619 1123 ad
1634 1100 1774 1124 centrum
1795 1095 1947 1135 magnetis

1120 1134 1214 1165 ducta
1235 1134 1404 1165 meridiano
1426 1137 1600 1174 magnetico
1621 1136 1889 1174 perpendicularis
1914 1143 1947 1168 et

1120 1177 1223 1208 statim
1252 1184 1442 1216 supponatur
1471 1177 1645 1208 distantiam
1677 1179 1703 1209 C
1733 1179 1770 1209 M
1799 1189 1818 1209 a
1842 1184 1948 1210 centro

1122 1939 1195 1960 acus
1223 1929 1264 1960 ad
1292 1935 1432 1960 centrum
1457 1930 1609 1971 magnetis
1637 1924 1702 1962 esse
1728 1930 1853 1972 physice
1881 1930 1952 1961 infi-

1122 1973 1229 2002 nitam-

1167 2015 1225 2044 Vis
1247 2014 1422 2055 magnetica
1449 2015 1553 2045 Terrae
1581 2015 1706 2045 retrahit
1730 2025 1821 2046 acum
1843 2025 1863 2046 a
1890 2014 1953 2046 situ

1129 2057 1150 2087 S
1169 2057 1194 2087 C
1212 2058 1245 2087 N
1259 2057 1299 2086 ad
1317 2058 1344 2087 B
1361 2057 1386 2086 C
1400 2058 1439 2092 A,
1457 2057 1510 2087 sed
1524 2057 1598 2097 quia
1611 2057 1657 2087 illi
1671 2057 1744 2088 situi
1758 2063 1803 2088 est
1814 2057 1950 2098 obliqua.

1125 2099 1304 2129 resolvenda
1318 2104 1364 2129 est
1379 2099 1410 2128 in
1426 2098 1502 2128 duas
1517 2101 1603 2136 vires,
1620 2109 1715 2129 unam
1730 2099 1819 2129 lineae
1836 2100 1857 2130 S
1874 2099 1901 2130 C
1917 2099 1952 2130 N

1126 2141 1420 2180 perpendicularem,
1443 2140 1568 2171 alteram
1589 2141 1647 2180 ipsi
1667 2141 1862 2180 parallelam;
1883 2141 1952 2172 hec

1123 2184 1235 2213 frustra
1250 2184 1316 2224 agit
1330 2183 1485 2213 obnitente
1499 2189 1603 2213 centro
1617 2183 1653 2219 C,
1665 2183 1719 2213 illa
1732 2181 1804 2213 νει-ὸ
1817 2182 1951 2223 gyratio·-

1123 2235 1195 2255 nem
1214 2225 1287 2256 acus
1308 2225 1409 2261 efficit,
1427 2225 1529 2264 itaque
1553 2225 1578 2254 si
1603 2225 1636 2254 in
1658 2230 1773 2264 puncto
1793 2224 1900 2264 quovis
1920 2234 1951 2262 c,

1123 2278 1142 2297 a
1156 2278 1173 2298 c
1192 2273 1388 2306 sepraesentet
1410 2267 1472 2296 vim
1492 2267 1696 2306 magneticam
1711 2273 1817 2303 totam,
1832 2277 1851 2297 a
1865 2276 1887 2296 n
1900 2276 1950 2297 re-

1125 2310 1319 2349 praesentabit
1338 2309 1400 2338 vim
1419 2306 1481 2348 qua
1499 2309 1686 2338 convertitur
1699 2318 1781 2343 acus,
1797 2319 1866 2348 quae
1879 2308 1951 2339 ideo

1126 2359 1172 2382 est
1189 2351 1228 2382 ad
1245 2352 1308 2381 vim
1330 2350 1532 2390 magneticum
1552 2356 1647 2380 totam
1669 2350 1702 2380 in
1722 2360 1759 2382 eo
1780 2357 1896 2390 puncto
1914 2357 1951 2382 ut

1126 2395 1212 2424 sinus
1226 2393 1332 2434 anguli
1347 2403 1365 2422 a
1379 2402 1396 2422 c
1410 2402 1431 2421 n
1448 2392 1674 2432 (declinationis
1687 2396 1761 2423 acus
1774 2402 1794 2422 a
1806 2392 1949 2424 meridia-

1125 2446 1167 2465 no
1188 2434 1374 2475 magnetica)
1397 2433 1436 2463 ad
1458 2434 1596 2471 radium;
1620 2434 1652 2464 in
1672 2434 1814 2465 omnibus
1828 2435 1951 2474 punctis

1128 2478 1154 2508 C
1171 2477 1204 2508 N
1226 2477 1287 2506 vim
1309 2475 1457 2516 equalem
1473 2476 1603 2506 exerceri
1622 2477 1752 2515 supponi
1763 2482 1875 2516 potest,
1896 2477 1951 2508 sed

1123 2519 1157 2549 in
1175 2525 1259 2558 parte
1281 2519 1306 2549 C
1325 2519 1346 2548 S
1369 2518 1413 2547 vis
1427 2528 1463 2548 ea
1476 2517 1628 2557 repulsive
1642 2518 1713 2558 agit,
1729 2517 1861 2559 ide6que
1875 2528 1950 2550 cou—

1124 2561 1216 2591 sentit
1229 2571 1302 2591 cum
1317 2561 1345 2590 vi
1356 2570 1430 2600 ‚quae
1444 2560 1592 2590 convertit
1605 2567 1722 2599 partem
1740 2562 1767 2591 C
1779 2561 1823 2598 N,
1838 2566 1870 2592 et
1883 2561 1950 2610 ejus
2004 2598 2007 2599 V

1125 2603 1291 2634 efficaciam
1306 2603 1460 2643 geminat:
1478 2608 1588 2632 notum
1603 2608 1647 2633 est
1658 2602 1731 2633 vero
1739 2602 1823 2643 quod
1836 2602 1862 2632 si
1871 2612 1950 2634 vua

1125 2645 1256 2686 aequales
1269 2645 1302 2674 in
1316 2645 1459 2675 omnibus
1473 2644 1593 2682 punctis
1605 2645 1631 2675 C
1644 2645 1674 2675 N
1689 2649 1784 2685 agant
1793 2644 1950 2687 equaliter

1124 2694 1156 2718 et
1176 2686 1466 2726 uerpendicularioer
1486 2693 1522 2716 ut
1543 2696 1611 2716 eam
1631 2687 1744 2716 lineam
1759 2692 1946 2723 convertant.

1122 2739 1230 2760 earum
1245 2729 1383 2759 omnium
1398 2728 1532 2759 efficacia
1545 2728 1652 2758 eadem
1667 2729 1724 2760 erit
1737 2738 1774 2759 ac
1787 2728 1812 2758 si
1825 2737 1949 2760 summa

1125 2769 1265 2801 omnium
1277 2770 1385 2800 virium
1396 2770 1684 2810 perpendiculariter
1694 2776 1798 2811 ageret
1805 2770 1837 2800 in
1847 2780 1948 2810 punc-

1124 2820 1157 2843 to
1181 2814 1208 2843 P
1231 2813 1351 2843 duabus
1364 2813 1460 2843 tertiis
1474 2813 1611 2851 partibus
1625 2822 1698 2843 acus
1714 2813 1740 2843 C
1757 2812 1789 2843 N
1811 2822 1829 2842 a
1843 2818 1949 2844 centro

1128 2856 1154 2886 C
1169 2862 1305 2886 remoto:
1332 2855 1382 2885 hic
1399 2865 1478 2895 *ergo
1499 2855 1626 2885 collecta
1640 2854 1754 2885 censeri
1769 2859 1866 2893 potest
1882 2860 1948 2885 tota

1125 2898 1169 2927 vis
1183 2896 1355 2938 magnetica
1369 2903 1547 2927 convertens
1561 2903 1677 2936 partem
1694 2897 1721 2928 C
1738 2896 1779 2933 N,
1795 2902 1826 2926 et
1838 2896 1949 2927 eodem

1126 2939 1284 2970 ratiocinio
1306 2939 1350 2969 vis
1371 2939 1522 2978 repulsiva
1542 2945 1720 2969 convertens
1735 2943 1853 2977 partem
1870 2939 1897 2970 C
1914 2939 1946 2975 S,

1125 2982 1159 3012 in
1173 2988 1289 3021 puncto
1310 2991 1341 3020 p,
1364 2981 1484 3011 duabus
1505 2980 1602 3011 tertiis
1615 2979 1702 3011 arcus
1716 2981 1745 3012 C
1762 2981 1784 3012 S
1805 2991 1824 3011 a
1843 2987 1949 3012 ceum

1128 3024 1155 3055 C
1177 3029 1308 3061 remoto,
1331 3023 1459 3054 collecta
1480 3022 1596 3054 censeri
1620 3028 1740 3062 potest3
1769 3030 1804 3053 et
1827 3030 1951 3064 propter
