2092 3470
235 243 288 280 92
630 234 1080 281 PHILOSOPHIAE
1112 234 1473 278 NATURALIS
1518 235 1613 286 [DE
1631 233 1793 275 Mum).
1813 233 1936 275 SYs’r.
1997 252 2000 253 ⁷

506 408 882 454 PROPOSITIO
913 410 1087 451 XXIV.
1148 409 1508 471 THEOREMA
1539 380 1671 451 XIX.

410 528 577 574 ‘fluxum
598 539 636 574 et
654 534 844 590 refluxum
864 533 988 575 maris
1007 533 1058 574 ab
1079 531 1298 573 actionibus
1310 533 1414 574 Solis
1433 547 1481 573 ac
1499 534 1632 574 Lunae
1651 533 1767 574 oriri.

298 655 420 698 Mare
450 655 620 713 singulis
650 656 794 697 diebus
825 663 911 697 tam
939 655 1153 697 lunaribus
1184 653 1309 711 quam
1338 655 1539 696 solaribus
1571 655 1636 696 bis
1670 655 1943 695 intumescere

238 727 390 770 debere
410 743 457 769 ac
482 728 546 770 bis
566 728 758 778 defluere,
787 735 902 783 patet
929 727 984 784 (f)
1006 743 1082 783 per
1105 727 1245 769 Corol.
1271 732 1337 769 19.
1359 736 1400 769 et
1421 726 1637 782 20.'Prop.
1659 727 1825 769 LXVI.
1848 725 1943 768 Lib.

238 801 274 842 Ι.
296 809 342 842 ut
372 809 413 842 et
443 801 492 856 (8)
524 816 642 856 aquae
671 800 894 841 maximam
915 800 1186 851 altitudinem,
1218 800 1262 840 in
1289 800 1472 841 maribus
1492 798 1709 854 profundis
1730 806 1772 840 et
1790 797 1944 848 liberis,

194 862 196 865 V
238 874 457 929 appulsum
491 873 756 914 luminarium
788 873 841 914 ad
875 873 1150 915 meridianum
1185 872 1267 913 loci
1298 872 1450 913 minori
1482 870 1606 928 quam
1642 885 1716 913 sex
1748 870 1947 912 horarum

239 947 371 1001 spatio
402 947 529 1002 sequi,
564 946 625 987 uti
654 945 702 987 fit
730 945 774 986 in
802 945 926 986 maris
958 945 1156 987 Atlantici
1176 952 1216 986 et
1236 943 1466 999 AEthiopici
1494 951 1626 985 tractu
1649 950 1736 985 toto
1757 941 1948 984 orientali

237 1018 345 1059 inter
368 1017 549 1059 Galliam
569 1024 610 1058 et
632 1016 969 1058 Promontorium
992 1017 1124 1058 Bonae
1146 1016 1244 1071 Spei
1271 1023 1317 1057 ut
1337 1023 1378 1057 et
1398 1016 1441 1056 in
1461 1016 1587 1057 maris
1613 1014 1783 1057 Pacifici
1807 1013 1948 1055 littore
1996 1032 1999 1038 ¹

245 1090 432 1132 Chilensi
453 1098 494 1131 et
516 1090 775 1132 Peruviano:
808 1089 851 1130 in
871 1089 1020 1146 quibus
1047 1089 1239 1130 omnibus
1268 1088 1473 1130 littoribus
1495 1096 1619 1130 aestus
1639 1088 1683 1128 in
1702 1086 1850 1128 horam
1870 1086 1950 1129 cir-

239 1161 340 1204 citer
370 1161 605 1211 secundam,
637 1160 800 1201 tertiam
829 1160 891 1201 vel
921 1167 1122 1216 quartam,
1154 1159 1311 1209 incidit,
1342 1159 1422 1199 nisi
1449 1159 1520 1200 ubi
1541 1166 1679 1199 motus
1710 1158 1763 1199 ab
1792 1172 1950 1199 oceano

238 1231 447 1288 profundo
476 1246 552 1286 per
572 1231 664 1272 loca
682 1230 837 1271 vadosa
855 1238 1108 1287 propagatus
1129 1245 1259 1286 usque
1281 1229 1334 1270 ad
1353 1229 1513 1280 horam,
1545 1229 1742 1286 quintam,
1775 1236 1949 1280 sextam,

238 1304 454 1360 septimam
489 1312 560 1345 aut
593 1304 701 1345 ultra
734 1303 979 1345 retardatur.
1052 1302 1195 1344 Horas
1229 1316 1404 1342 numero
1439 1301 1492 1343 ab
1529 1301 1706 1356 appulsu
1734 1301 1949 1343 luminaris

238 1376 452 1431 utriusque
473 1374 527 1416 ad
547 1374 822 1416 meridianum
848 1374 942 1424 loci,
975 1379 1056 1414 tam
1088 1372 1195 1414 infra
1223 1372 1482 1414 horizontem
1503 1371 1627 1428 quam
1647 1387 1783 1427 supra,
1817 1380 1858 1414 et
1876 1388 1952 1428 per

242 1445 367 1487 horas
397 1445 480 1486 diei
509 1445 664 1486 lunaris
694 1444 881 1501 intelligo
910 1443 1128 1501 vigesimas
1157 1450 1323 1499 quartas
1352 1450 1490 1498 partes
1511 1443 1706 1497 temporis
1726 1458 1809 1498 quo
1830 1443 1953 1485 Luna

239 1510 358 1559 motu
391 1517 616 1573 apparente
652 1517 802 1558 diurno
837 1516 890 1558 ad
921 1516 1197 1558 meridianum
1231 1515 1313 1557 loci
1341 1516 1574 1558 revertitur.
1635 1515 1711 1556 Vis
1745 1515 1853 1558 Solis
1885 1516 1955 1559 vel

247 1591 383 1632 Lunae
404 1592 456 1632 ad
476 1606 590 1632 mare
610 1590 855 1632 elevandum
874 1590 1057 1631 maxima
1076 1597 1138 1630 est
1156 1589 1197 1629 in
1220 1589 1311 1644 ipso
1331 1589 1509 1644 appulsu
1529 1588 1741 1629 luminaris
1758 1588 1811 1629 ad
1830 1589 1954 1630 meri·-

244 1661 415 1702 dianum
433 1661 526 1703 loci.
590 1661 673 1703 Sed
701 1661 762 1702 vis
790 1676 840 1702 eo
860 1669 1047 1715 tempore
1066 1660 1110 1700 in
1130 1674 1243 1700 mare
1264 1659 1465 1714 impressa
1483 1666 1623 1699 manet
1642 1659 1892 1714 aliquamdiu
1913 1667 1955 1701 et

245 1746 323 1786 per
351 1732 435 1772 vim
463 1747 612 1779 novam
643 1733 818 1774 subinde
846 1733 1090 1788 impressam
1119 1739 1306 1789 augetur,
1334 1731 1467 1773 donec
1487 1746 1600 1772 mare
1621 1731 1674 1771 ad
1694 1731 1954 1773 altitudinem

245 1804 470 1844 maximam
503 1803 746 1855 ascenderit,
787 1804 833 1845 id
872 1804 985 1860 quod
1019 1804 1092 1844 fiet
1123 1803 1256 1859 spatio
1287 1801 1404 1843 horae
1435 1802 1560 1843 unius
1601 1801 1840 1854 duarumve,
1882 1802 1955 1844 sed

241 1916 348 1947 extimi
374 1915 496 1946 dierum
527 1919 654 1948 16.688.

277 1961 283 1965 .
717 1917 855 1956 Sumptis
884 1917 1078 1958 logarithmis

241 1965 300 1989 erit

1120 1917 1206 1958 globi
1231 1917 1387 1957 contigua,
1413 1927 1509 1957 quare
1533 1916 1609 1948 fluet
1627 1916 1660 1947 in
1680 1917 1766 1948 alveo
1786 1917 1956 1958 refluetque

1121 1970 1176 1999 per
1196 1960 1277 1990 vices
1297 1958 1446 1999 perpetuo
1471 1961 1539 2001 (per
1561 1960 1632 1990 Cor.
1656 1964 1703 1991 19.
1729 1966 1759 1990 et
1781 1960 1850 1998 20.)
1874 1960 1955 1990 idem

1121 2001 1228 2041 postea
1248 2002 1360 2032 iterum
1382 2002 1649 2039 demonstrabitur,
1672 2002 1810 2043 viresque
1832 2002 1912 2034 Solis
1925 2008 1958 2034 et

1125 2044 1228 2076 Lunae
1242 2043 1366 2074 seorsim
1381 2046 1654 2083 computabuntur·

1168 2087 1213 2127 (⁸)
1233 2088 1248 2106 ³*
1267 2088 1367 2127 Aquae
1381 2089 1545 2118 maximam
1559 2089 1763 2119 altitudinem.
1812 2087 1893 2118 Rem
1913 2086 1958 2118 ἰῐὲ

1123 2139 1157 2159 se
1171 2130 1282 2160 habere
1298 2135 1381 2168 patet
1395 2139 1432 2159 ex
1446 2130 1612 2160 observatis
1623 2131 1746 2160 aestibus
1756 2130 1893 2167 marinis,
1908 2140 1957 2161 ra·-

1125 2171 1169 2201 tio
1198 2177 1303 2202 autem
1331 2173 1396 2202 haec
1425 2178 1479 2202 est.
1527 2172 1585 2202 Vis
1613 2172 1691 2202 Solis
1716 2172 1763 2203 vel
1790 2172 1893 2202 Lunae
1917 2172 1958 2203 ad

1125 2224 1210 2245 mare
1224 2214 1406 2244 elevandum
1421 2214 1556 2244 maxima
1569 2220 1616 2244 est
1634 2214 1666 2244 in
1682 2215 1747 2253 ipso
1761 2214 1893 2254 appulsu
1908 2215 1957 2245 lu-

1125 2256 1251 2286 minaris
1266 2256 1305 2287 ad
1319 2256 1524 2287 meridianum
1538 2263 1569 2287 et
1582 2255 1688 2295 postea
1702 2256 1857 2293 decrescit,
1879 2263 1957 2288 atta-

1126 2309 1199 2329 men
1223 2299 1317 2339 hujus
1343 2298 1386 2329 vis
1411 2299 1537 2330 effectus
1559 2298 1699 2329 nondum
1724 2305 1771 2330 est
1791 2300 1954 2330 maximus.

1129 2342 1241 2372 Omnis
1262 2341 1344 2371 enim
1366 2347 1469 2372 motus
1488 2341 1582 2372 semel
1603 2341 1767 2381 impressus
1787 2347 1958 2382 perseverat

1125 2384 1329 2421 uniformiter,
1341 2383 1439 2414 donec
1453 2390 1541 2414 motu
1556 2384 1707 2414 contrario
1721 2384 1895 2415 destruatur
1910 2383 1960 2416 vel

413 2001 452 2032 L.
537 2020 549 2027 —
614 2006 730 2034 69.681
749 2016 794 2032 =
811 2006 993 2033 4.8431144

413 2043 453 2074 L.
473 2043 593 2074 dierum
619 2048 734 2076 27.821
751 2058 797 2075 =
817 2048 995 2077 1-4564966

812 2104 997 2113 ι--.--

352 2128 512 2168 utriusque
527 2129 589 2169 log.
609 2139 730 2161 summa
752 2143 798 2159 =
814 2133 996 2162 6.2796110

432 2210 557 2242 Deinde
573 2211 612 2242 L.
645 2202 735 2254 302}
754 2225 800 2242 =
816 2216 997 2244 2.4805818

432 2254 512 2294 Log.
531 2254 607 2285 dier.
625 2258 740 2286 16.688
755 2267 800 2284 =
818 2258 997 2287 1.2224o43

813 2315 998 2323 ——.——

443 2338 604 2379 utriusque
618 2349 740 2371 summa
753 2352 799 2369 =
816 2344 844 2371 3.
850 2343 994 2372 7029861

294 2422 376 2453 Haec
387 2424 583 2455 subtrahatur
591 2435 611 2455 a
618 2425 740 2456 summa
748 2425 895 2465 superiori
905 2427 1082 2457 (5.2796110

250 2472 387 2495 remanet
402 2466 464 2506 log.
485 2470 675 2503 2.5766249‚
691 2469 743 2498 cui
757 2467 919 2506 respondet
933 2478 1082 2500 numerus

252 2511 324 2538 378-
342 2507 416 2538 fere.
460 2508 567 2544 Quare
589 2520 626 2540 ex
649 2509 790 2551 analogia
814 2510 957 2540 Newtoni
978 2516 1008 2541 et
1022 2510 1085 2541 cal-

251 2550 322 2580 culo
346 2551 502 2591 colligitur
523 2552 721 2582 variationem
737 2552 874 2582 satellitis
889 2563 953 2582 esse
967 2559 1085 2592 partem

253 2596 310 2623 378
342 2593 515 2623 variationis
540 2594 644 2625 Lunae
666 2595 795 2625 circiter.
858 2594 918 2625 Sed
944 2595 1084 2626 variatio-

253 2645 323 2664 nem
347 2635 450 2671 Lunae
471 2636 638 2667 maximam
657 2637 691 2667 in
706 2647 832 2678 apogaeo
850 2637 928 2667 Solis
942 2636 1086 2677 deinceps

252 2677 433 2708 determinat
467 2679 640 2710 Newtonus
675 2679 733 2710 83¹.
776 2678 840 2710 14⁰.
872 2678 936 2709 sive
975 2682 1080 2712 1994''.

255 2719 362 2754 Quare
387 2731 457 2759 pars
474 2724 546 2752 378.
565 2728 611 2753 est
631 2722 679 2753 5⁰.
701 2721 764 2753 15⁰¹
791 2727 828 2753 ut
843 2721 1015 2753 Newtonus
1035 2721 1084 2753 in-

253 2761 345 2798 venit,
362 2763 603 2803 quamproxime.

295 2803 343 2844 (s)
362 2807 379 2823 '¹'
397 2808 460 2837 Per
478 2809 542 2838 Cor.
564 2810 612 2839 19.
630 2813 660 2838 et
681 2810 732 2839 20.
782 2807 814 2839 Si
835 2806 967 2839 fluidum
986 2806 1019 2838 in
1038 2807 1082 2839 al-

251 2854 308 2875 veo
325 2848 603 2893 ‘persuperficiem
628 2849 762 2891 cujusvis
785 2850 917 2890 planetae
939 2856 1083 2880 excavato

252 2894 453 2926 contineatur,
474 2891 627 2932 simulque
642 2902 714 2923 cum
729 2892 853 2932 planeta
867 2898 954 2923 motu
969 2892 1081 2930 diurno

251 2929 405 2968 periodica
426 2932 621 2964 uniformiter
634 2934 816 2972 revolvatur,
837 2941 937 2975 partes
951 2934 1082 2975 singulae

251 2971 345 3011 hujus
359 2971 447 3004 fluidi
469 2984 523 3013 per
542 2976 621 3007 vices
644 2977 819 3009 acceleratae
834 2983 864 3008 et
878 2976 1035 3008 retardatae
1050 2977 1082 3006 in

251 3014 384 3054 syzygiis
405 3015 477 3052 suis,
494 3017 552 3047 hoc
567 3025 621 3056 est,
645 3019 677 3049 in
692 3019 819 3050 meridie
833 3026 864 3051 et
878 3018 980 3050 media
994 3025 1083 3050 nocte

253 3055 416 3087 velociores
437 3064 546 3096 erunt;
569 3059 602 3089 in
623 3061 815 3101 quadraturis
829 3061 891 3093 sive
905 3061 980 3092 hora
999 3060 1084 3092 sexta

253 3098 415 3136 matutina,
432 3106 463 3130 et
473 3102 643 3141 vespertina
654 3104 800 3136 tardiores
807 3104 900 3146 quam
909 3103 1083 3144 superficies

1125 2426 1233 2457 saltem
1248 2426 1424 2457 retardetur.
1474 2426 1562 2456 Hinc
1576 2426 1611 2456 fit
1625 2432 1661 2456 ut
1673 2426 1778 2457 fluxus
1790 2427 1883 2458 maris
1904 2436 1960 2467 pet

1126 2478 1179 2499 sex
1193 2468 1311 2499 circiter
1331 2469 1420 2499 horas
1433 2469 1702 2499 ante-meridianas
1717 2476 1827 2500 auctus
1841 2476 1872 2501 et
1885 2478 1960 2501 cum

1128 2517 1216 2542 motu
1230 2511 1342 2541 diurno
1357 2511 1533 2550 conspirans
1547 2511 1740 2549 acceleratus,
1757 2511 1866 2553 majori
1879 2511 1959 2543 cele-

1128 2553 1218 2584 ritate
1241 2553 1371 2584 ulterius
1399 2564 1524 2595 pergere
1547 2553 1656 2584 debeat
1684 2561 1715 2585 et
1743 2565 1838 2596 aquas
1859 2554 1960 2597 magis
1972 2562 1978 2568 ⁴

1128 2596 1288 2636 magisque
1309 2595 1436 2632 attollet,
1461 2596 1559 2637 usque
1581 2596 1656 2627 dum
1678 2597 1785 2627 eadem
1800 2597 1845 2628 vis
1859 2596 1960 2628 motui

1129 2638 1242 2669 diurno
1255 2638 1406 2669 contraria
1421 2638 1509 2669 fluidi
1529 2649 1653 2669 cursum
1668 2640 1815 2679 paulatim
1830 2639 1915 2671 sistat
1929 2645 1960 2671 et

1127 2691 1221 2722 aquas
1249 2687 1340 2722 cogat
1367 2680 1506 2712 refluere.
1562 2682 1644 2712 Haec
1669 2681 1772 2713 motus
1795 2681 1960 2714 retardatio

1127 2722 1261 2754 maxime
1281 2722 1361 2754 circa
1382 2729 1518 2755 octantae
1532 2723 1595 2755 sive
1610 2725 1719 2755 horam
1737 2724 1856 2756 tertiam
1870 2731 1958 2757 nott·

1126 2765 1196 2796 bilis
1210 2771 1264 2796 est.
1304 2766 1379 2796 Alia
1393 2776 1456 2797 non
1471 2767 1583 2798 desunt
1596 2767 1738 2807 exempla
1750 2767 1960 2799 maximorum

1128 2808 1295 2839 effectuum
1318 2809 1372 2849 qui
1394 2814 1463 2848 post
1476 2820 1583 2840 causas
1596 2810 1746 2840 maximas
1759 2809 1955 2851 contingunt.

1128 2850 1203 2880 Non
1223 2850 1258 2880 in
1278 2850 1351 2890 ipsis
1371 2851 1507 2882 solstitiis
1521 2852 1631 2883 aestivis
1644 2851 1778 2883 maxime
1793 2852 1890 2884 fervet
1902 2862 1958 2885 m-

1124 2898 1179 2929 tas,
1200 2892 1280 2924 sicut
1294 2903 1394 2934 neque
1413 2895 1447 2924 in
1461 2894 1534 2934 ipsis
1547 2894 1682 2926 solstitiis
1702 2893 1847 2934 hybernis
1860 2894 1959 2931 maxi-

1127 2933 1179 2965 me
1193 2934 1284 2976 friget
1298 2936 1416 2975 hiems3
1440 2937 1492 2967 sed
1507 2937 1627 2978 integro
1641 2936 1760 2968 circiter
1770 2947 1876 2968 mense
1889 2942 1960 2978 post

1126 2977 1255 3009 solstitia
1273 2979 1427 3009 maximus
1446 2978 1684 3019 deprehenditur
1698 2979 1811 3010 aestatis
1824 2979 1958 3020 hyemi·-

1126 3030 1187 3060 que
1202 3020 1338 3051 effectus.
1378 3020 1559 3053 Indubitate.
1572 3031 1695 3063 quoque
1709 3028 1827 3053 constat
1841 3021 1969 3062 expet-h

1126 3060 1211 3093 entia
1232 3073 1390 3094 summum
1412 3064 1545 3095 calorem
1559 3062 1694 3096 secunda
1715 3070 1769 3096 aut
1782 3062 1873 3097 tertia
1889 3069 1959 3106 pest

1125 3104 1284 3136 meridiem
1299 3106 1374 3137 hora
1388 3106 1464 3137 fieri.
