2092 3470
228 241 298 304 ,9⁶
646 233 1096 277 PHILOSOPHIAE
1130 220 1496 275 NATURALIS
1539 232 1635 285 [DE
1653 232 1960 275 Monusm.

246 356 290 397 in
318 353 533 395 minorem.
595 351 651 394 Et
679 353 870 395 fluxuum
903 348 1136 392 differentia
1155 350 1337 391 maxima
1362 350 1516 392 incidet
1537 349 1586 405 (⁰)
1608 350 1652 390 in
1671 358 1860 404 tempora
1879 347 1961 389 sol-

248 428 475 476 stitiorum3
523 426 756 481 praesertim
791 429 824 466 si
857 425 992 466 Lunae
1024 422 1158 464 nodus
1193 422 1419 464 ascendens
1454 430 1642 464 versatur
1675 422 1720 462 in
1750 420 1958 476 principio

250 503 417 546 Arietis.
479 501 548 544 Sic
582 499 833 557 experientia
867 506 1124 553 compertum
1155 504 1230 548 est,
1263 497 1375 553 quod
1403 504 1527 538 aestus
1554 495 1747 537 matutini
1772 503 1962 549 tempore

247 579 436 635 hyberno
457 584 653 632 superant
672 574 939 630 vespertinos,
963 581 1004 614 et
1023 571 1247 626 vespertini
1269 579 1456 626 tempore
1476 570 1619 611 aestivo
1642 568 1879 617 matutinos,
1908 566 1967 608 ad

251 651 522 709 Plymuthum
542 650 710 706 quidem
730 647 947 690 altitudine
968 646 1085 703 quasi
1103 645 1222 701 pedis
1243 645 1378 695 unius,
1411 644 1465 686 ad
1491 643 1732 686 Bristoliam
1751 641 1851 684 vero
1871 641 1964 684 alti-

248 726 391 769 tudine
412 724 647 782 quindecim
667 723 920 780 digitorum:
954 720 1266 763 observantibus
1290 719 1554 774 Colepressio
1573 726 1615 760 et
1637 717 1834 760 Sturmio.

307 801 453 843 Motus
484 806 623 840 autem
652 796 852 838 hactenus
873 795 1069 851 descripti
1099 802 1314 836 mutantur
1333 792 1633 849 aliquantulum
1653 788 1833 847 pervim
1850 790 1966 832 illam

249 872 584 929 reciprocationis
615 881 831 927 aquarum‚·
861 869 941 926 qua
971 869 1096 910 maris
1117 877 1256 919 aestus,
1281 868 1406 910 etiam
1426 867 1681 909 cessantibus
1700 865 1966 908 luminarium

252 947 496 998 actionibus,
532 952 674 1001 posset
709 943 962 1000 aliquamdiu
995 957 1274 998 perseverare.
1347 941 1622 984 Conservatio
1655 940 1797 983 haecce
1829 938 1970 982 motus

250 1020 439 1077 impressi
466 1018 615 1060 minuit
642 1016 918 1058 differentiam
946 1024 1122 1057 aestuum
1143 1014 1423 1064 alternorum3
1456 1021 1497 1055 et
1518 1021 1642 1055 aestus
1662 1010 1853 1068 proxime
1873 1018 1971 1067 post

252 1094 438 1151 syzygias
458 1093 633 1147 majores
654 1089 803 1140 reddit,
826 1104 979 1144 eosque
999 1088 1193 1143 proxime
1214 1097 1310 1143 post
1331 1087 1602 1144 quadraturas
1623 1085 1785 1127 minuit.
1842 1084 1971 1127 Unde

251 1167 300 1208 fit
327 1174 374 1207 ut
403 1173 525 1206 aestus
553 1162 700 1204 alterni
727 1162 781 1203 ad
807 1161 1080 1218 Plymuthum'
1099 1161 1153 1202 ad
1176 1160 1416 1202 Bristoliam
1436 1175 1522 1200 non
1542 1158 1676 1200 multo
1696 1158 1828 1216 magis
1849 1157 1976 1199 diffe-·

252 1247 345 1280 rant
377 1238 429 1279 ab
462 1237 638 1278 invicem
668 1234 794 1291 quam
823 1234 1038 1276 altitudine
1064 1234 1182 1289 pedis
1211 1235 1334 1275 unius
1358 1234 1424 1275 vel
1452 1234 1677 1290 digitorum
1705 1233 1970 1289 quindecim3

252 1322 379 1368 utque
406 1320 529 1353 aestus
560 1310 745 1351 omnium
775 1303 948 1349 maximi
978 1308 1022 1348 in
1050 1308 1199 1349 iisdem
1219 1308 1436 1362 portubus,
1459 1322 1544 1348 non
1566 1308 1647 1348 sint
1666 1306 1790 1362 primi
1810 1322 1835 1348 a
1855 1322 1972 1363 syzy-

252 1386 344 1442 giis,
380 1383 453 1424 sed
487 1382 609 1424 tertii.
673 1380 953 1422 Retardantur
983 1381 1106 1421 etiam
1139 1388 1279 1422 motus
1308 1395 1450 1422 omnes
1480 1380 1523 1420 in
1550 1380 1726 1421 transitu
1751 1394 1827 1435 per
1851 1380 1970 1431 vada,

254 1455 358 1496 adeo
388 1462 435 1495 ut
464 1461 588 1494 aestus
619 1451 806 1493 omnium
838 1451 1023 1501 maximi,
1053 1451 1096 1492 in
1124 1451 1239 1506 fretis
1267 1446 1516 1508 quibusdam
1535 1459 1578 1493 et
1596 1451 1816 1493 fluviorum
1844 1451 1971 1502 ostiis,

256 1528 306 1583 (P)
330 1526 412 1568 sint
431 1525 567 1582 quarti
586 1523 652 1566 vel
673 1524 799 1565 etiam
820 1524 954 1579 quinti
974 1539 999 1565 a
1020 1524 1210 1581 syzygiis.

300 1656 379 1698 (0)*
398 1659 440 1688 In
454 1662 591 1697 tempora
605 1657 812 1687 solstitiorum
853 1656 945 1687 Tunc
960 1655 1043 1686 enim
1057 1655 1090 1685 in
1135 1656 1238 1697 gendo
1252 1656 1325 1688 vero
1347 1655 1387 1687 de
1408 1656 1456 1687 his
1477 1656 1631 1688 littoribus
1644 1666 1699 1697 per
1713 1656 1821 1688 oceani
1835 1655 1974 1687 latitudi-

256 1699 388 1751 syzygiis
410 1706 577 1739 utrumque
600 1698 753 1728 luminare
767 1699 806 1728 ab
821 1705 975 1739 aequatore
993 1698 1091 1728 maxi-
1135 1709 1208 1728 nem
1229 1699 1269 1729 ad
1290 1709 1358 1729 oras
1375 1699 1537 1735 Americae,
1564 1699 1682 1730 accedit
1703 1705 1796 1730 oestus
1817 1697 1919 1737 primo
1934 1698 1975 1729 ad

256 1740 307 1772 me
322 1741 467 1776 declinat,
494 1740 587 1781 atque
615 1740 759 1770 fluxuum
789 1739 963 1771 differentia
990 1740 1092 1771 adhuc
1138 1741 1278 1775 Brasiliae
1301 1741 1404 1772 littora
1424 1740 1560 1772 maxime
1581 1741 1742 1772 orientalia
1764 1741 1844 1772 circa
1865 1742 1975 1771 horam

256 1784 430 1824 augebitur,
447 1785 470 1813 si
490 1784 591 1813 Lunae
606 1782 706 1813 nodus
721 1783 888 1813 ascendens
903 1789 1040 1813 versatur
1061 1782 1095 1812 in
1138 1783 1279 1814 lunarem
1303 1790 1444 1824 quartam
1468 1784 1517 1814 vel
1542 1784 1701 1824 quintam3
1724 1783 1837 1814 deinde
1859 1783 1900 1814 ad
1924 1793 1975 1814 os—

256 1826 408 1867 principio
426 1825 558 1857 Arietis·
551 1849 560 1864 ,
577 1835 649 1856 nam
665 1830 775 1864 ptaeter
784 1825 998 1855 declinationis
1016 1825 1095 1855 Solis

257 1869 434 1905 maximam,
459 1868 553 1899 Luna
571 1878 693 1909 quoque
711 1867 775 1897 Soli
791 1868 957 1908 conjuncta
971 1867 1095 1908 quanti-

259 1917 321 1942 tate
343 1910 514 1941 latitudinis
537 1910 681 1941 maximae
695 1910 729 1939 in
742 1911 866 1939 boream
882 1916 936 1940 aut
955 1916 1095 1941 austrum

258 1953 358 1994 magis
379 1953 521 1983 declinat.
567 1953 655 1983 Hinc
677 1951 713 1982 fit
731 1951 845 1982 fluctus
864 1952 995 1982 borealis
1010 1952 1098 1983 nobis

259 1995 463 2026 vicinissimus
485 2001 515 2025 et
536 1995 649 2025 fluctus
663 1994 805 2024 australis
819 1994 1042 2025 remotissimus
1063 1995 1098 2024 in

261 2037 370 2069 eadem
385 2037 576 2068 revolutione
591 2036 717 2067 diurna}

303 2081 349 2122 (Ρ)
368 2083 384 2100 *
403 2082 472 2112 Sint
487 2081 591 2120 quarti
606 2081 652 2111 vel
665 2081 755 2110 etiam
771 2081 882 2120 quinti.
932 2079 973 2110 In
991 2080 1096 2119 opus-

260 2123 332 2154 culo
361 2123 400 2153 de
425 2122 542 2153 Mundi
571 2123 740 2161 Systemate
765 2121 907 2162 quaedam
931 2127 1098 2153 occurrunt

260 2165 485 2196 observationes
499 2175 569 2205 quae
584 2165 623 2194 ad
637 2165 722 2194 hunc
737 2164 841 2194 locum
860 2165 1024 2204 pertinent,
1048 2175 1099 2195 eas

260 2208 364 2248 itaque
385 2207 601 2238 exscribemus.
651 2207 733 2237 Fieri
755 2206 848 2237 etiam
868 2213 976 2255 potest,
998 2207 1100 2248 inquit

261 2257 361 2287 autor,
377 2255 413 2280 ut
427 2256 521 2279 aestus
535 2248 676 2280 omnium
691 2247 845 2279 maximus
859 2250 898 2279 sit
912 2256 1039 2290 quartus
1052 2250 1100 2280 vel

262 2293 391 2333 quintus
405 2303 424 2322 a
437 2292 570 2333 syzygiis
585 2292 632 2322 vel
654 2291 770 2322 tardius
790 2291 941 2329 adveniat,
964 2291 1002 2323 εό
1016 2292 1100 2333 quod

263 2335 457 2365 retardantur
479 2341 582 2365 motus
602 2334 749 2383 marium
758 2335 791 2364 in
814 2334 944 2365 transitu
964 2345 1018 2374 per
1033 2335 1099 2366 loca

264 2377 376 2408 vadosa
400 2376 439 2407 ad
465 2376 575 2407 littora.
626 2376 676 2406 Sic
699 2377 783 2408 enim
806 2382 898 2407 aestus
923 2377 1042 2407 accedit
1062 2377 1102 2408 ad

265 2419 352 2450 littus
374 2418 563 2450 occidentale
594 2419 756 2450 Hiberniae
779 2418 858 2450 hora
878 2419 967 2449 tertia
989 2419 1099 2458 lunari,

266 2469 297 2492 et
311 2467 381 2500 post
401 2462 509 2491 horam
531 2471 627 2491 unam
642 2467 673 2492 et
686 2462 814 2492 alteram
828 2461 868 2491 ad
883 2470 988 2500 portus
1003 2463 1035 2491 in
1051 2462 1100 2493 lit-

266 2509 332 2534 tore
362 2504 485 2534 australi
515 2504 653 2544 ejusdem
682 2504 792 2534 insulae
815 2510 851 2534 ut
872 2510 903 2533 et
926 2504 965 2534 ad
987 2504 1104 2535 insulas

272 2546 470 2577 Cassiteridas
484 2545 580 2586 vulgo
595 2545 718 2586 Sorling
733 2546 838 2577 dictas.
888 2546 972 2576 Dein
984 2557 1104 2577 succes-

269 2587 332 2619 sive
353 2588 393 2619 ad
420 2588 630 2624 Falmuthum,
646 2587 864 2630 Plymuthum,
892 2587 1104 2619 Portlandiam

269 2631 414 2667 insulam,
433 2630 571 2666 Vectam,
590 2630 839 2667 Wincnelseiam,
861 2630 1038 2666 Doveriam,
1055 2641 1104 2661 os-

270 2673 351 2704 tium
378 2673 518 2704 Tamesis
533 2672 574 2703 ‘bt
599 2673 732 2703 Pontem
758 2672 998 2708 Londinensem,
1029 2683 1103 2704 con-

273 2716 402 2755 sumptis
422 2715 506 2746 horis
524 2714 689 2746 duodecim
707 2715 740 2745 in
759 2716 817 2745 hoc
831 2714 948 2745 itinere.
997 2715 1059 2746 Sed
1073 2722 1105 2747 et

273 2758 378 2788 oceani
393 2758 490 2797 ipsius
508 2758 601 2789 alveis
615 2757 698 2787 haud
713 2758 785 2788 satis
800 2757 961 2797 profundis
975 2756 1106 2797 impedi-

272 2804 324 2829 tur
349 2807 481 2831 aestuum
503 2800 693 2841 propagatio,
719 2799 827 2830 incidit
849 2799 933 2830 enim
953 2805 1045 2830 aestus
1066 2799 1107 2831 ad

274 2841 390 2872 insulas
418 2843 602 2873 Fortunatas
627 2849 658 2873 et
681 2841 721 2873 ad
744 2841 945 2873 occidentalia
968 2841 1108 2883 marique

279 2883 436 2915 Atlantico
467 2885 604 2924 exposita
638 2884 742 2915 littora
780 2884 950 2920 Hiberniae,
983 2884 1104 2922 Galliae,

278 2925 441 2965 Hispaniae
450 2933 480 2957 et
494 2927 609 2958 Africae
624 2927 718 2959 totius
729 2937 826 2967 usque
840 2926 879 2957 ad
893 2927 996 2966 Caput
1009 2925 1109 2957 Bonae

279 2967 350 3007 Spei
366 2968 398 2997 in
413 2969 519 2999 horam
535 2969 655 3000 tertiam
677 2969 827 3006 lunarem,
851 2972 1054 3009 p‘raeterquam
1075 2969 1108 2998 in

277 3009 352 3041 locis
373 3011 532 3041 nonnullis
546 3012 666 3043 vadosis
679 3012 733 3043 ubi
755 3017 848 3042 aestus
868 3011 1032 3051 impeditus
1046 3017 1108 3042 tar-

278 3052 352 3083 dius
365 3051 522 3090 advenit,
515 3063 607 3094 mque
621 3055 701 3085 freto
714 3053 870 3085 Gaditano
881 3053 965 3094 quod
975 3059 1064 3084 motu
1075 3063 1113 3084 ex
1157 3054 1265 3085 tudine
1280 3054 1383 3086 fluxus
1397 3062 1428 3086 et
1443 3055 1586 3087 refluxus.

1140 1825 1220 1856 tium
1245 1825 1329 1856 fluvii
1358 1827 1554 1856 Amazonum
1576 1825 1655 1857 hora
1677 1825 1772 1862 sexta,
1799 1826 1839 1856 ad
1859 1825 1977 1856 insulas

1139 1867 1212 1898 ver&
1233 1868 1408 1908 adjacentes
1429 1868 1506 1899 horst
1526 1866 1645 1909 quarta,
1668 1867 1776 1908 postea
1799 1867 1841 1899 ad
1861 1867 1978 1899 insulas

1143 1911 1318 1942 Bermudas
1336 1910 1413 1941 hora
1434 1909 1565 1950 septima
1584 1916 1615 1941 et
1638 1910 1678 1941 ad
1701 1910 1835 1942 Floridae
1853 1917 1979 1951 portum

1145 1953 1176 1984 S.
1199 1953 1368 1994 Augustini
1383 1952 1459 1984 hora
1474 1953 1524 1994 7}
1560 1953 1694 1984 Tardius
1709 1953 1805 1994 igitur
1818 1952 1978 1994 progredi-

1141 2001 1193 2026 tur
1208 2003 1300 2026 aestus
1315 2006 1370 2035 per
1390 2006 1542 2026 oceanum
1564 1994 1659 2037 quam
1674 2005 1732 2036 pro
1745 1995 1863 2027 ratione
1876 1994 1979 2026 motas

1142 2038 1266 2076 Lunae;
1290 2044 1321 2068 et
1341 2039 1564 2077 pernecessaria
1583 2044 1628 2068 est
1649 2039 1750 2069 haecce
1765 2038 1928 2069 retardatio
1942 2044 1979 2069 ut

1139 2090 1225 2110 mare
1239 2080 1348 2111 eodem
1360 2087 1498 2120 tempore
1509 2079 1674 2112 descendat
1683 2081 1762 2111 inter
1774 2081 1937 2112 Brasiliam
1948 2086 1980 2111 et

1143 2123 1267 2154 Novam
1293 2123 1464 2159 Franciam,
1489 2123 1693 2164 ascendatque
1708 2123 1748 2154 ad
1767 2123 1886 2154 insulas
1903 2122 1978 2154 For-

1141 2171 1263 2196 tunatas
1292 2172 1341 2196 et·
1352 2166 1455 2196 littora
1485 2166 1621 2205 Europae
1649 2171 1680 2196 et
1708 2165 1823 2196 Africae
1845 2171 1876 2196 et
1895 2165 1977 2195 vice·

1141 2206 1237 2238 versa.
1286 2208 1430 2248 Namque
1451 2218 1535 2239 mare
1556 2204 1719 2239 asca-ridere
1734 2207 1840 2249 nequit
1861 2208 1894 2238 in
1914 2216 1980 2238 uno

1142 2250 1211 2280 loco
1225 2250 1301 2290 quin
1316 2250 1409 2281 simul
1423 2250 1587 2281 descendat
1605 2251 1638 2280 in
1653 2250 1758 2281 altero.
1808 2250 1895 2291 Lege
1912 2249 1979 2290 jam

1142 2292 1293 2332 descripta
1313 2293 1421 2334 agitari
1435 2303 1558 2333 quoque
1573 2303 1657 2323 mare
1683 2292 1854 2323 Paciflcum
1875 2292 1980 2322 verisi-

1141 2335 1215 2365 mile
1240 2341 1295 2366 est.
1357 2335 1502 2375 Namque
1527 2341 1619 2366 aestus
1647 2334 1786 2370 altissimi
1815 2334 1847 2364 in
1878 2334 1980 2366 littore

1148 2377 1298 2408 Chiliensi
1319 2383 1349 2408 et
1372 2377 1547 2408 Peruviano
1561 2377 1696 2408 incidere
1710 2377 1880 2408 dicuntur
1871 2386 1904 2407 ιιι
1923 2377 1979 2408 ho-
2018 2392 2022 2397 ·

1145 2430 1210 2450 ram
1233 2419 1352 2450 tertiam
1374 2419 1524 2456 lunarem,
1541 2419 1594 2450 sed
1607 2419 1670 2460 qua
1690 2419 1851 2460 velocitate
1870 2429 1978 2459 propa-

1145 2469 1260 2504 gantur
1274 2462 1346 2492 inde
1361 2461 1401 2492 ad
1415 2462 1502 2492 littus
1515 2463 1664 2493 orientale
1678 2462 1820 2502 Japoniae
1833 2468 1865 2493 et
1878 2461 1918 2492 ad
1931 2462 1980 2492 in-

1146 2505 1229 2535 sulas
1247 2504 1440 2543 Philippinas
1454 2510 1639 2546 caeterasque
1653 2514 1751 2546 regno
1768 2505 1913 2536 Sinarum
1925 2503 1981 2536 ad-

1143 2547 1279 2588 jacentes
1294 2547 1434 2577 nondum
1450 2547 1556 2586 reperi.

1193 2592 1262 2620 108.
1290 2589 1330 2620 In
1353 2589 1445 2619 alveis
1470 2589 1637 2621 fluminum
1661 2588 1778 2630 pendet
1795 2588 1933 2620 influxus
1950 2594 1983 2621 et

1147 2631 1283 2662 refluxus
1307 2642 1326 2662 a
1351 2631 1515 2662 fluminum
1542 2642 1644 2663 cursu.
1694 2633 1779 2664 Nam
1799 2631 1907 2663 cursus
1928 2631 1982 2662 ille

1146 2674 1219 2704 facit
1233 2683 1344 2714 aquam
1359 2673 1476 2704 tardius
1491 2673 1620 2706 influere
1635 2685 1672 2706 ex
1687 2675 1776 2712 mari,
1797 2681 1829 2705 et
1849 2674 1882 2704 in
1896 2683 1983 2706 mare

1148 2716 1238 2746 citius
1252 2722 1282 2746 et
1304 2716 1438 2746 velocius
1460 2716 1587 2748 refluere
1601 2716 1695 2759 atque
1709 2715 1787 2748 aded
1801 2717 1920 2748 diutius
1933 2726 1983 2748 re-

1148 2757 1243 2789 fluere
1264 2769 1359 2799 quam
1380 2758 1519 2796 influere,
1542 2761 1711 2799 praesertim
1725 2759 1750 2790 si
1765 2757 1883 2800 longe‘
1873 2768 1906 2789 ιιι
1920 2758 1983 2790 flu-

1149 2811 1221 2831 men
1236 2800 1410 2831 ascenditur
1425 2802 1477 2832 ubi
1492 2802 1594 2832 minor
1607 2808 1653 2834 est
1666 2802 1711 2833 vis
1724 2801 1827 2832 maris.
1876 2801 1927 2832 Sic
1947 2801 1982 2832 in

1150 2842 1246 2873 fluxio
1264 2843 1384 2874 Avonae
1406 2844 1445 2874 ad
1467 2845 1594 2875 tertium
1613 2844 1746 2884 lapidem
1767 2842 1849 2874 infra
1866 2843 1984 2876 Briau>-

1149 2885 1223 2916 liam
1237 2886 1330 2916 refert
1347 2886 1501 2917 sturmius
1512 2897 1624 2939 aquam
1634 2887 1716 2917 horis
1727 2886 1829 2928 quinis
1843 2886 1982 2924 influere.

1151 2927 1284 2967 septenis
1298 2927 1426 2959 refluere
1440 2940 1532 2969 supra
1549 2929 1736 2966 Bristoliam,
1759 2936 1796 2959 ut
1810 2928 1850 2960 ad
1869 2928 1984 2961 Canes-

1151 2970 1223 3000 ham
1238 2970 1286 3000 vel
1304 2971 1490 3002 Bathoniam
1505 2971 1676 3003 differentia
1690 2972 1798 3011 procul
1812 2971 1908 3003 dubio
1917 2981 1985 3002 ma-

1148 3011 1199 3052 jor
1213 3018 1266 3043 est.
1316 3013 1436 3044 Pendet
1456 3014 1549 3045 etiam
1563 3015 1629 3045 haec
1644 3013 1818 3045 differentia
1831 3024 1850 3045 a
1865 3013 1986 3064 magni-

1635 3056 1719 3087 Nam
1738 3066 1833 3097 prope
1853 3056 1988 3087 lumna-

276 3095 357 3129 mari
374 3094 603 3127 Mediterraneo
617 3102 785 3138 propagato
795 3095 887 3128 citius
901 3100 1028 3128 aestuat·
1018 3119 1028 3135 ‚
1044 3106 1113 3136 per·
1157 3096 1240 3128 rium
1254 3097 1402 3139 syzygias,
1426 3098 1633 3130 vehementior
1646 3098 1739 3131 maris
1752 3104 1856 3132 motus
1869 3096 1992 3131 radlia·
