2092 3470
0 2810 95 3006 i

0 3010 15 3132 j

656 190 738 234 ΕΤ
768 186 1106 233 REFLUXUS
1136 190 1348 233 MARIS.
1436 212 1438 214 ι
1765 187 1856 228 233

559 296 936 347 PROPOSITIO
964 303 1440 346 V.-PROBLEMA.

195 422 383 463 Invenire
401 422 478 462 vim
505 421 546 462 V
560 435 647 476 quce
666 423 797 463 oritur
816 436 864 462 ex
883 422 1076 475 inaequali
1089 421 1297 475 gravitate
1308 421 1491 472 partium
1516 419 1656 460 Terroe
1673 414 1805 460 vermis

451 495 590 544 Solem,
613 502 651 536 et
671 496 837 549 definire
855 509 1052 537 ascensum
1071 507 1187 549 aquae
1204 495 1297 535 hinc
1316 495 1537 534 oriundum.

210 607 274 649 Sit
295 608 326 651 S
354 608 440 659 Sol,
471 608 513 651 T
534 609 680 659 Terra,
713 609 753 651 A
775 608 813 650 B
833 625 858 651 a
876 609 904 650 b
925 586 1062 650 orbitav
1075 608 1231 649 lunaris
1250 606 1435 665 neglecta
1458 605 1778 655 excentricitate‚
1811 605 1851 647 B

120 661 124 664 θ
153 686 194 720 et
212 679 241 720 b
262 679 537 735 quadraturae.
598 681 801 738 Designet
821 681 852 723 S
871 688 1033 735 tempus
1052 679 1312 735 periodicum
1333 672 1609 721 Terrae-circa
1631 677 1781 726 Solem,
1812 676 1851 717 L

149 758 311 805 tempus
340 751 596 805 periodicum
627 751 762 793 Lunae
791 752 900 793 circa
928 751 1118 800 Terram,
1148 750 1164 790 l
1184 738 1346 805 tempus
1366 765 1449 805 quo
1471 749 1594 791 Luna
1614 748 1723 789 circa
1743 747 1850 788 Ter-

150 837 240 863 ram
259 824 540 865 revolveretur
566 825 611 865 in
630 824 784 865 circulo
803 823 856 864 ad
876 822 1111 864 distantiam
1131 822 1382 863 mediocrem
1411 821 1453 862 T
1472 821 1500 862 d
1532 823 1598 875 (=
1625 822 1650 872 ὲ
1674 819 1712 860 C
1736 819 1777 859 A
1803 824 1846 867 -Ι-

149 895 175 946 ὲ
201 893 236 935 C
259 893 314 946 B)
345 893 380 935 si
407 902 542 936 motus
570 895 704 936 Lunae
731 894 931 951 gravitate
960 892 1034 934 sua
1063 891 1205 933 versus
1238 893 1375 935 Solem
1405 891 1639 933 nullatenus
1667 890 1855 931 turbare-

150 975 230 1015 tur,
252 974 293 1007 et
319 966 405 1007 sola
436 968 635 1023 gravitate
659 965 802 1008 versus
823 966 999 1007 Terram
1023 966 1067 1006 in
1093 965 1226 1007 orbita
1247 967 1504 1007 retineretur.

150 1037 356 1094 Designet
378 1038 504 1093 porro
528 1038 570 1080 K
599 1039 842 1096 gravitatem
865 1037 1115 1079 mediocrem
1142 1038 1278 1079 Lunae
1304 1039 1369 1080 vel
1399 1039 1507 1103 Ter·
1705 1064 1724 1082 a

151 1122 209 1148 rae
238 1107 380 1150 versus
411 1110 563 1160 Solem,
594 1126 624 1166 g
651 1110 894 1167 gravitatem
921 1109 1054 1151 Lunae
1089 1109 1229 1151 versus
1258 1111 1434 1152 Terram
1462 1111 1508 1152 in
1723 1116 1756 1142 Τ
1817 1148 1855 1175 B

149 1180 348 1222 mediocri
375 1181 448 1222 sua
475 1182 681 1233 distantia,
713 1197 738 1223 v
760 1183 842 1222 vim
870 1197 994 1238 quam
1020 1182 1126 1223 actio
1153 1181 1260 1223 Solis
1287 1181 1383 1223 huic
1412 1197 1507 1239 gra-
1589 1167 1615 1192 ι’

151 1252 268 1294 vitati
311 1253 528 1309 adjiceret·
557 1255 600 1295 in
643 1254 905 1310 quadraturis
949 1255 1003 1296 ad
1049 1254 1222 1296 eandem
1261 1254 1507 1298 distantiam.

155 1349 239 1391 His
258 1352 416 1405 positis,
439 1352 559 1393 eritv
587 1364 598 1394 ε
630 1352 674 1393 Κ
696 1363 736 1394 :2
760 1351 852 1393 dT
877 1364 893 1394 ⁶.
921 1351 1035 1401 ST;
1066 1358 1187 1408 atque
1210 1317 1512 1437 14:3³²&

206 1450 292 1492 dT

160 1487 173 1518 ζ
206 1509 291 1514 --.
308 1491 361 1517 ex
381 1477 540 1534 vulgari
556 1476 744 1519 doctrina
758 1478 909 1519 virium
924 1476 1239 1533 centripetarum
1255 1494 1267 1528 ;
1303 1478 1414 1519 unde
1447 1490 1472 1516 v
1495 1491 1506 1521 ε

226 1517 242 1558 l
259 1518 275 1558 l

155 1605 184 1647 g
210 1602 250 1632 :2
279 1591 330 1632 ll
357 1604 368 1634 ζ
401 1593 431 1634 S
453 1594 484 1634 S
516 1605 529 1636 t
561 1592 739 1649 cumque
767 1593 818 1634 ll
847 1594 900 1635 sit
926 1591 1052 1648 paulo
1081 1593 1217 1635 mimis
1243 1592 1366 1650 quam
1398 1592 1436 1634 L
1458 1592 1510 1643 L,
1713 1539 1789 1668 {ti-*gs

155 1660 351 1715 quoniam
384 1662 506 1703 Luna
534 1663 724 1704 nonnihil
751 1663 992 1705 distrahitur
1010 1680 1035 1705 a
1056 1664 1187 1705 Terra
1211 1664 1411 1720 gravitate
1441 1663 1514 1704 suii

156 1730 201 1771 in
233 1731 384 1782 Solem,
415 1741 529 1787 patet
557 1734 640 1775 vim
668 1749 694 1775 v
722 1749 810 1776 esse
839 1735 894 1776 ad
920 1751 950 1792 g
975 1735 1018 1776 in
1036 1735 1163 1790 paulo
1182 1736 1332 1776 minori
1352 1735 1512 1776 ratione

156 1802 279 1858 quam
309 1804 348 1845 L
371 1805 408 1845 L
437 1805 490 1845 ad
522 1807 598 1848 SS.
660 1807 787 1848 Hanc
815 1815 954 1848 autem
983 1808 1186 1849 rationem
1213 1808 1273 1850 vis
1308 1823 1335 1848 v
1364 1807 1416 1848 ad
1449 1822 1478 1864 g
1505 1821 1629 1850 nemo
1661 1805 1861 1848 hactenus

157 1874 376 1930 (quantum
404 1878 517 1930 novi)
548 1877 736 1920 accurate
766 1879 952 1920 definivit
963 1895 975 1928 3
1005 1894 1053 1920 ea
1073 1888 1211 1921 tamen
1229 1880 1402 1934 propior
1421 1878 1582 1919 videtur
1602 1894 1690 1919 esse
1709 1877 1861 1919 rationi

158 1949 258 1990 LL
288 1950 342 1991 ad
373 1951 456 1993 SS
483 1958 525 2000 -ί-
553 1951 700 1993 2LL
729 1951 794 1992 vel
823 1952 965 1994 saltem
994 1952 1145 1993 rationi
1174 1952 1273 1993 LL
1300 1952 1355 1993 ad
1386 1952 1469 1993 SS
1496 1957 1537 2000 -Ι-
1565 1951 1710 2003 {LL
1738 1949 1864 2005 quam

158 2024 308 2065 rationi
328 2024 367 2066 L
388 2025 426 2066 L
446 2025 500 2066 ad
522 2025 551 2066 S
571 2026 613 2067 S.
681 2025 938 2082 Argumenta
959 2025 1056 2067 vero
1076 2026 1225 2081 quibus
1254 2024 1298 2066 id
1311 2021 1527 2080 'colligitur
1546 2022 1615 2064 hic
1635 2022 1862 2064 omittenda

159 2108 320 2145 censeo,
343 2095 488 2135 moniti
518 2094 753 2135 Academiae
782 2095 1066 2136 illustrissimae
1096 2109 1268 2145 memor,
1299 2093 1394 2135 clim
1415 2095 1459 2134 in
1478 2093 1558 2135 hac
1579 2093 1863 2150 disquisitione

159 2166 276 2220 parvi
306 2166 359 2207 sit
387 2166 586 2207 momenti
615 2180 805 2221 quaenam
832 2165 982 2207 harum
1003 2166 1218 2213 ,rationum
1250 2164 1507 2206 adhibeatur.
1570 2165 1861 2219 Supponamus

159 2237 287 2294 igitur
316 2252 411 2279 cum
442 2237 645 2279 Newtono
666 2252 691 2277 v
712 2253 722 2278 ε
744 2252 773 2293 g
792 2253 830 2278 2:
854 2237 893 2278 L
914 2237 953 2278 L
980 2253 989 2278 :
1021 2238 1050 2279 S
1074 2238 1104 2279 S
1131 2253 1167 2278 2:
1200 2239 1292 2291 (per
1320 2243 1536 2290 computos
1566 2236 1862 2278 astronomicos

159 2307 425 2363 periodorum
448 2308 554 2350 Solis
575 2323 622 2348 ac
644 2307 794 2359 Lunae)
820 2313 838 2348 l
864 2323 874 2348 z
901 2311 1095 2357 178‚725.
1144 2307 1220 2348 Vis
1241 2307 1283 2348 V
1301 2322 1394 2362 quae
1414 2307 1458 2346 in
1479 2306 1624 2348 Terrae
1645 2307 1862 2361 superficie

160 2379 202 2421 vi
220 2394 247 2420 v
266 2380 499 2435 respondet,
522 2388 583 2421 est
602 2379 655 2420 ad
674 2394 713 2429 v,
736 2387 782 2420 ut
802 2379 947 2420 Terrae
968 2379 1288 2421 semi-diameter
1312 2378 1530 2420 mediocris
1551 2379 1604 2420 ad
1625 2379 1863 2420 distantiam

163 2450 298 2492 Lunae
326 2452 576 2493 mediocrem
603 2451 668 2492 vel
697 2458 744 2492 ut
776 2457 794 2492 1
824 2451 876 2491 ad
901 2454 997 2504 6οὲ.
1059 2452 1136 2493 Vis
1153 2460 1291 2493 autem
1315 2467 1346 2509 g
1365 2453 1450 2508 agit
1469 2451 1695 2493 secundum
1714 2460 1860 2502 rectas,

166 2537 259 2578 quae
286 2522 331 2562 in
359 2531 501 2565 centro
529 2523 739 2580 gravitatis
771 2523 916 2564 Terrae
946 2538 994 2564 ac
1023 2523 1156 2565 Lunae
1178 2533 1440 2574 concurrunt,
1472 2525 1588 2580 cujus
1611 2524 1769 2565 ratione
1788 2523 1864 2565 ha-

163 2591 250 2634 bita
282 2606 335 2633 ex
363 2592 615 2635 incremento
643 2594 854 2650 gravitatis
883 2594 926 2637 in
955 2594 1155 2636 descensu
1174 2595 1228 2636 ad
1249 2595 1508 2650 superficiem
1532 2595 1677 2636 Terrae
1706 2595 1864 2649 patebit

164 2665 249 2707 vim
270 2665 311 2706 V
330 2680 419 2706 esse
438 2666 491 2706 ad
513 2666 556 2708 G
585 2667 683 2722 (qua
712 2668 891 2724 gravitas
911 2668 1129 2710 mediocris
1155 2670 1198 2710 in
1219 2670 1435 2724 superficie
1456 2670 1601 2711 Terrae
1622 2669 1863 2726 designatur

163 2747 211 2779 ut
243 2737 384 2793 supra)
418 2746 465 2779 ut
501 2745 520 2780 1
559 2741 613 2781 ad
645 2749 883 2785 38604600.
945 2742 1071 2785 Unde
1103 2742 1197 2785 cum
1232 2757 1308 2797 per
1340 2743 1439 2784 Cor.
1473 2730 1513 2783 2.
1544 2743 1670 2797 Prop.
1698 2742 1781 2784 ΙΙΙ.
1810 2743 1864 2786 sit

163 2825 192 2852 x
214 2827 224 2852 ε
246 2812 330 2853 dt:
358 2818 407 2854 15
430 2813 501 2854 V:
524 2820 548 2854 8
573 2814 818 2868 G—57‡⁵‡
850 2817 892 2857 V
920 2817 997 2858 erit
1024 2817 1068 2857 in
1096 2817 1177 2859 hoc
1206 2832 1303 2858 casu
1330 2832 1390 2858 x:
1423 2817 1452 2858 d
1475 2832 1509 2857 z:
1540 2822 1557 2857 1
1583 2833 1593 2857 :
1619 2822 1860 2861 20589116.

169 2883 358 2940 Cumque
388 2885 708 2928 semi-diameter
737 2888 882 2929 Terrae
910 2889 1128 2931 mediocris
1149 2891 1200 2931 sit
1218 2889 1372 2944 pedum
1396 2894 1642 2940 196158003
1671 2889 1769 2931 hinc
1798 2906 1862 2933 se-

167 2956 305 3011 quitur
324 2966 456 2999 totum
476 2973 594 3014 aquae
614 2973 826 3002 ascensum
845 2977 899 3003 ex
917 2962 959 3002 vi
982 2962 1088 3004 Solis
1110 2962 1332 3002 oriundum
1353 2960 1440 3001 fore
1468 2960 1585 3015 pedis
1604 2961 1724 3002 unius
1747 2962 1863 3003 Pari-

166 3027 310 3068 siensis
330 3042 422 3069 cum
442 3028 601 3083 593255010535
621 3030 807 3084 partibus
826 3033 956 3090 pediS,
981 3034 1008 3074 i.
1031 3048 1066 3074 e.
1087 3033 1204 3088 pedis
1223 3032 1343 3074 unius
1365 3046 1459 3073 cum
1479 3032 1616 3090 digitis
1637 3027 1791 3084 decem,
1823 3040 1864 3074 et
