2092 3470
231 243 288 280 24·
634 238 1084 283 PH1Los0PH1AE
1110 207 1469 283 NArunAus
1512 240 1606 294 [nn
1623 239 1784 284 Mun».
1802 240 1923 284 sm.

601 424 976 469 PROPOSITIO
1006 426 1058 467 V.
1117 426 1476 471 THEOREMA
1506 429 1560 471 V.

230 589 426 630 Planetas
453 589 758 643 circumjoviales
781 591 991 644 gravitare
1018 591 1061 631 in
1083 591 1231 641 Jovem,
1262 594 1605 636 circumsaturnios
1633 596 1677 637 in
1696 596 1922 648 Saturnum,

287 665 326 701 et
343 660 633 702 circumsolares
659 662 703 701 in
736 661 875 710 Solem,
903 667 942 701 et
970 662 1011 702 vi
1039 662 1258 715 gravitatis
1278 677 1358 705 suae
1377 665 1532 706 retrahi
1550 679 1698 719 semper
1715 682 1744 708 a
1762 668 1925 710 motibus

264 735 510 784 rectilineis,
533 741 572 775 et
591 736 635 775 in
654 733 809 775 orbibus
827 735 1054 776 curvilinez's
1072 736 1252 777 retineri.

286 897 396 939 Nam
421 896 694 939 revolutiones
720 897 982 953 planetarum
1000 897 1366 953 circumjovialium
1386 897 1494 939 circa
1514 897 1673 949 Jovem,
1704 898 1925 941 circumsa-

224 969 455 1011 turniorum
475 970 582 1011 circa
602 970 838 1021 Saturnum,
861 977 902 1011 et
919 969 1121 1011 Mercurii
1135 985 1184 1012 ac
1199 970 1374 1012 Veneris
1397 970 1730 1027 reliquorumque
1751 971 1925 1013 circum-

225 1039 417 1081 solarium
443 1040 550 1081 circa
572 1039 724 1091 Solem,
757 1048 852 1082 sunt
870 1040 1144 1095 phaenomena
1163 1041 1349 1096 ejusdem
1367 1041 1531 1098 generis
1553 1056 1647 1082 cum
1667 1041 1924 1084 revolutione

224 1109 358 1151 Lunae
390 1110 498 1152 circa
532 1111 705 1152 Terram
720 1141 732 1161 ,
786 1119 827 1153 et
858 1120 1077 1167 propterea
1118 1114 1222 1167 (per.
1268 1111 1373 1167 Reg.
1408 1112 1491 1164 11.)
1524 1127 1549 1153 a
1583 1112 1713 1153 causis
1743 1113 1927 1168 ejusdem

221 1179 384 1236 generis
413 1179 673 1234 dependent:
703 1181 934 1235 praesertim
964 1179 1058 1223 cum
1087 1180 1414 1222 demonstratum
1434 1181 1486 1222 sit
1506 1181 1618 1237 quod
1637 1181 1757 1232 vires,
1788 1196 1814 1223 a
1833 1183 1924 1238 qui-

221 1250 298 1292 bus
320 1251 593 1293 revolutiones
614 1252 696 1293 illae
716 1251 964 1307 dependent,
985 1253 1207 1308 respiciant
1227 1261 1368 1295 centra
1387 1253 1516 1304 JoviS,
1541 1254 1707 1295 Saturni
1726 1269 1774 1295 ac
1797 1254 1921 1305 Solis,

220 1328 260 1361 et
279 1321 510 1363 recedendo
539 1338 564 1363 a
591 1322 708 1373 Jove,
745 1313 924 1364 Saturno
943 1330 984 1364 et
1007 1323 1116 1373 Sole,
1138 1323 1377 1365 decrescant
1396 1322 1541 1365 eadem
1561 1324 1720 1366 ratione
1741 1340 1790 1367 ac
1809 1325 1916 1382 lege,

220 1391 298 1446 quz‘i
321 1393 382 1434 vis
405 1395 616 1450 gravitatis
636 1395 834 1437 decrescit
852 1395 897 1436 in
916 1409 1078 1437 recessu
1098 1410 1123 1436 a
1143 1395 1289 1436 Terr‘fi.

287 1463 417 1505 Corol.
443 1470 479 1505 1.
526 1466 575 1520 (⁰)
599 1465 791 1507 Gravitas
810 1466 938 1523 igitur
958 1465 1080 1507 datur
1100 1465 1144 1506 in
1163 1466 1349 1520 planetas
1369 1457 1595 1508 universos.
1657 1466 1767 1508 Nam
1788 1467 1926 1510 Vene-

219 1547 320 1584 rem,
355 1534 627 1587 Mercurium,
659 1544 912 1593 caeterosque
934 1536 1031 1579 ‘esse
1061 1551 1236 1591 corpora
1256 1536 1439 1592 ejusdem
1458 1537 1622 1594 generis
1643 1538 1742 1580 cum
1761 1538 1866 1582 Jove
1884 1546 1927 1582 et

222 1605 413 1656 Saturno,
449 1621 572 1648 nemo
606 1607 778 1649 dubitat.
839 1608 895 1649 Et
925 1606 1021 1649 cum
1050 1608 1240 1650 attractio
1268 1608 1401 1650 omnis
1426 1624 1503 1664 per
1521 1610 1659 1652 motus
1686 1610 1822 1668 legem
1842 1619 1924 1654 ter·-

218 1676 318 1716 tiam
337 1685 481 1718 mutua
500 1679 563 1728 sit,
586 1679 749 1733 Jupiter
775 1679 819 1720 in
842 1679 1035 1720 satellites
1055 1693 1151 1720 suos
1171 1693 1326 1730 omnes,
1353 1681 1553 1722 Saturnus
1575 1681 1618 1722 in
1640 1696 1748 1733 suos,
1770 1682 1924 1725 Terra-

221 1761 300 1802 que
319 1747 363 1787 in
384 1747 561 1799 Lunam,
585 1756 626 1790 et
648 1749 720 1791 Sol
739 1750 783 1791 in
801 1750 987 1805 planetas
1009 1764 1150 1791 omnes
1171 1750 1388 1805 primarios
1407 1751 1637 1807 gravitabit.

279 1819 409 1862 Corol.
432 1826 471 1863 2.
532 1823 582 1877 (P)
617 1822 889 1873 Gravitatem,
922 1837 1018 1879 quae
1039 1822 1248 1877 planetam
1268 1837 1604 1879 unumquemque
1624 1824 1802 1879 respicit,
1834 1837 1923 1867 esse

219 1889 428 1944 reciproce
450 1900 495 1933 ut
518 1893 763 1948 quadratum
785 1893 988 1935 distantiae
1009 1893 1197 1935 locorum
1222 1894 1275 1934 ab
1294 1893 1421 1948 ipsius
1443 1901 1597 1936 centro.

281 1962 412 2004 Corol.
436 1970 474 2005 3.
519 1964 678 2007 Graves
709 1973 805 2007 sunt
833 1965 1011 2021 planetae
1040 1980 1182 2008 omnes
1208 1966 1252 2006 in
1273 1980 1316 2007 se
1335 1965 1479 2007 mutuo
1499 1981 1574 2022 per
1597 1966 1736 2008 Corol.
1761 1973 1798 2009 1.
1820 1973 1862 2009 et
1880 1971 1920 2008 2.

221 2031 272 2086 (q)
297 2032 352 2074 Et
385 2033 484 2076 hinc
517 2036 681 2091 Jupiter
715 2045 757 2079 et
794 2038 994 2080 Saturnus
1023 2052 1155 2093 prope
1184 2037 1516 2093 conjunctionem
1538 2053 1581 2079 se
1601 2038 1776 2080 invicem
1797 2045 1922 2081 attra-

218 2103 370 2154 hendo,
412 2107 663 2150 sensibiliter
713 2109 957 2164 perturbant
1000 2118 1136 2150 motus
1185 2116 1363 2158 mutuos,
1417 2108 1488 2150 Sol
1535 2109 1749 2164 perturbat
1785 2116 1921 2150 motus

219 2175 403 2227 lunares,
452 2178 524 2220 Sol
564 2187 604 2221 et
644 2180 765 2221 Luna
805 2180 1049 2235 perturbant
1088 2194 1202 2221 mare
1240 2186 1441 2230 nostrum,
1483 2187 1530 2220 ut
1569 2179 1613 2220 in
1655 2179 1919 2235 sequentibus

221 2246 505 2301 explicabitur.

263 2383 308 2425 (⁰)
332 2388 383 2416 66.
406 2387 423 2405 *
455 2386 596 2418 Gravitas
623 2389 715 2429 igitur
738 2391 832 2420 datur
855 2390 889 2420 in
909 2390 1050 2427 planetas

220 2429 394 2463 universos‚·
420 2430 438 2447 ⁴
468 2428 570 2459 Datur
595 2431 727 2471 gravitas
751 2431 784 2460 in
810 2431 938 2463 Terram
962 2435 993 2460 et
1013 2428 1051 2460 ea

221 2468 369 2508 gravitate
391 2470 486 2500 Luna
505 2471 586 2502 cirea
605 2483 673 2503 eam
697 2473 861 2505 revolvitur
879 2482 934 2511 per
957 2472 1047 2510 Prop.

223 2511 304 2548 IV.;
336 2511 426 2542 datur
455 2513 587 2553 gravitas
615 2514 659 2544 in*
677 2515 789 2547 Jovem
814 2521 845 2545 et
870 2516 1048 2550 Saturnum,

223 2562 293 2582 nam
320 2553 526 2585 revolutiones
554 2556 748 2595 planetarum
776 2555 1051 2596 circumjovialium

222 2594 301 2625 circa
320 2595 442 2632 Jovem,
463 2603 494 2627 et
508 2597 832 2630 circumsatumiorum
846 2598 926 2628 circa
942 2597 1048 2627 Satur-

223 2646 299 2666 num
328 2645 401 2669 sunt
436 2639 574 2679 ejusdem
609 2641 728 2681 generis
755 2650 828 2671 cum
860 2639 1049 2670 revolutione

225 2678 326 2708 Lunae
341 2681 420 2711 cirea
433 2681 570 2717 Terram,
587 2682 723 2721 pendent
732 2692 805 2723 ergo
826 2684 892 2724 (per
907 2682 986 2722 Reg.
1001 2680 1048 2720 2.)

223 2730 262 2750 ex
285 2723 433 2760 gnavitate
453 2733 560 2754 eorum
585 2724 751 2756 satellitum
768 2726 801 2754 in
823 2734 873 2754 eos
893 2723 1048 2762 planetas;

223 2763 364 2802 quamvis
385 2771 488 2795 autem
509 2776 573 2796 non
594 2766 654 2797 sint
668 2774 723 2798 aut
745 2777 807 2797 non
822 2765 969 2797 observati
990 2765 1050 2796 siut

223 2803 369 2836 satellites
382 2806 462 2837 circa
478 2809 623 2846 Martem,
637 2809 789 2840 Venerem
801 2815 833 2840 et
845 2807 1047 2844 Mercurium,

223 2852 359 2877 attamen
388 2848 469 2886 Jovi,
503 2851 644 2889 Sammo,
674 2852 702 2882 T
704 2862 778 2883 errae
802 2852 835 2881 in
863 2850 980 2881 caeteris
1006 2849 1049 2880 ita

223 2895 298 2919 tunt
317 2889 433 2920 similes
453 2897 490 2921 ut
507 2893 667 2924 dubitandi
682 2895 768 2926 locus
781 2903 844 2924 non
858 2892 1049 2933 relinquatur

223 2930 307 2972 quod
321 2932 347 2963 si
361 2931 506 2964 satellites
516 2935 605 2975 juxta
619 2937 702 2977 ipsos
715 2937 943 2970 collocarentur,
965 2935 1048 2966 idem

1092 2387 1227 2419 eveniret
1248 2387 1309 2417 nllis
1333 2396 1369 2417 ac
1394 2386 1498 2417 Lunae
1520 2390 1552 2416 et
1579 2384 1838 2415 circummmrniis
1863 2389 1919 2416 ια

1093 2429 1378 2470 circumjovialibus‚
1390 2428 1473 2458 unde
1487 2427 1623 2468 sequitur
1636 2427 1816 2467 gravitatem
1824 2427 1918 2458 etiam

1093 2471 1158 2502 dari
1175 2471 1208 2500 in
1228 2471 1297 2501 illos
1315 2470 1462 2509 planetas.
1510 2470 1623 2501 Postea
1638 2475 1760 2508 propter
1774 2475 1918 2500 mutuam

1092 2513 1312 2548 attractionem,
1342 2512 1469 2543 Terram
1491 2522 1555 2542 esse
1577 2520 1701 2552 gravem
1725 2511 1759 2541 in
1778 2511 1916 2550 Lunam,

1093 2557 1148 2586 διε.
1171 2555 1329 2585 constabit.

1094 2639 1112 2670 I
1135 2596 1181 2639 (Ρ)
1203 2599 1219 2617 *
1246 2598 1339 2630 Corol.
1362 2600 1390 2628 2.
1438 2595 1532 2627 Patet
1554 2596 1607 2638 (ex
1625 2595 1705 2637 Reg.
1726 2598 1753 2626 1.
1771 2600 1803 2626 et
1818 2594 1912 2636 Pnup.

1135 2680 1180 2723 (²¹)
1198 2683 1215 2701 ⁹
1232 2682 1276 2712 Ee
1291 2682 1362 2712 hinc
1374 2681 1503 2720 Jupiter.
1551 2679 1632 2710 Haec
1649 2685 1760 2710 mutua
1779 2678 1916 2719 planeta-

1091 2733 1161 2754 rum
1184 2722 1378 2764 perturbatio,
1400 2728 1437 2752 ut
1450 2721 1523 2761 pote
1538 2731 1610 2752 cum
1626 2721 1821 2762 sequentibus
1837 2721 1914 2752 Pro-

1092 2765 1293 2805 positionibus
1318 2764 1492 2805 conjuncta,
1519 2764 1663 2803 deinceps
1685 2763 1914 2794 convenientius

1092 2807 1301 2847 explicabitur,
1316 2809 1332 2826 ¹·
1345 2806 1498 2837 sufficiant
1508 2806 1540 2836 in
1549 2806 1778 2845 praesentiarum
1791 2814 1860 2845 quae
1874 2804 1914 2836 de

1091 2850 1127 2880 ea
1149 2849 1288 2889 superius
1307 2848 1426 2879 dictum
1443 2855 1497 2884 est,
1519 2849 1676 2879 occasione
1689 2847 1800 2890 quietis
1818 2847 1914 2888 aphe-

1090 2892 1211 2928 Uorum,
1227 2890 1295 2922 vide
1309 2897 1414 2922 notam
1429 2890 1443 2907 ²
1458 2891 1498 2923 ad
1515 2891 1610 2931 Prop.
1629 2890 1679 2923 11.
