2092 3470
471 201 726 246 FLUXUS
755 202 1210 259 AQREFLUXUS
1240 191 1477 249 MARIs‘
1731 210 1814 249 295

108 339 245 381 minor
265 337 388 397 quam
409 344 427 380 1
460 350 472 381 ε
510 339 552 381 xl
579 340 616 394 Ξ,
646 355 700 382 ex
720 354 803 398 quo
822 341 967 385 fractio
985 330 1090 425 3—‘3
1111 355 1274 396 semper
1292 343 1402 385 intra
1420 343 1499 386 hos
1518 343 1669 386 limites
1688 344 1716 398 ᾗ
1730 350 1772 385 et
1790 345 1819 397 Ξ

111 454 399 496 continebitur.
450 453 579 503 Quod
598 456 633 497 si
653 471 753 513 ergo
772 456 881 499 hanc
901 458 954 499 ab
969 455 1203 513 aequalitate
1222 455 1524 500 aberrationem
1542 458 1814 515 negligamUS,

110 525 155 566 id
176 524 289 581 quod
309 523 400 566 tutb
419 524 554 567 facere
581 541 812 581 possumus,
845 528 940 584 quia
959 542 1046 569 rem
1067 525 1229 569 tantum
1256 541 1390 583 prope
1409 528 1584 570 definire
1604 542 1816 580 conamur,

109 620 329 664 habebitur
349 622 390 663 V
408 641 454 659 =
474 596 564 706 34]
581 649 628 667 =
644 599 772 708 {BE-t.
831 624 1017 666 Denotat
1044 633 1183 666 autem
1211 629 1238 665 2
1260 623 1302 666 Τ
1322 631 1340 666 t
1368 624 1505 666 sinum
1531 624 1649 680 dupli
1677 624 1820 682 anguli

109 735 266 778 horarii
295 753 377 793 quo
409 738 481 780 Sol
510 753 534 779 a
563 740 792 782 meridiano
812 740 947 791 distat,
970 748 1011 782 et
1028 740 1137 781 hanc
1157 740 1211 782 ob
1230 755 1320 782 rem
1339 741 1393 783 ad
1412 749 1669 783 momentum
1686 741 1820 783 maxi-

111 822 192 848 mae
212 808 488 864 depressionis
508 825 628 866 aquae
647 811 954 868 assignandum,
975 811 1201 852 videndum
1221 819 1283 853 est
1302 811 1382 868 qua
1403 811 1485 853 diei
1504 811 1606 853 hora
1628 811 1752 853 Luna
1765 811 1821 853 ad

110 879 368 923 horizontem
389 882 582 937 appellat,
605 882 809 939 hujusque
828 883 1025 938 temporis
1044 883 1110 925 vel
1130 899 1155 925 a
1173 884 1344 926 meridie
1363 884 1430 925 vel
1448 882 1584 925 media
1604 891 1727 925 nocte
1755 883 1819 925 in-

110 952 327 993 tervallum
348 954 545 1009 capiatur,
567 962 691 1011 atque
709 955 752 995 in
772 970 915 996 arcum
935 957 1156 1012 aequatoris
1177 964 1451 999 convertatur.
1503 957 1646 1013 Hujus
1666 956 1820 999 deinde

112 1023 231 1065 arcus
251 1025 316 1066 vel
336 1025 477 1082 anguli
497 1034 681 1068 sumatur
701 1027 889 1083 duplum,
911 1028 1115 1086 hujusque
1134 1029 1252 1085 dupli
1272 1031 1398 1082 sinus,
1421 1032 1536 1088 cujus
1556 1045 1653 1086 pars
1674 1037 1822 1072 octava

111 1097 314 1151 praebebit
334 1098 470 1139 sinum
490 1100 644 1156 anguli,
677 1101 748 1156 qui
776 1101 820 1142 in
840 1110 1002 1157 tempus
1023 1117 1246 1145 conversus
1265 1103 1382 1145 dabit
1400 1103 1600 1159 temporis
1628 1102 1822 1144 interval-

110 1168 211 1219 lum,
249 1185 332 1225 quo
366 1171 449 1212 ima
482 1188 589 1229 aqua
624 1173 758 1215 Lunae
794 1174 1013 1229 appulsum
1048 1175 1102 1217 ad
1136 1175 1395 1218 horizontem
1429 1175 1497 1217 vel
1529 1175 1728 1231 praecedit
1756 1175 1824 1217 vel

112 1242 323 1297 sequitur;
353 1243 397 1285 id
417 1244 530 1300 quod
549 1259 602 1286 ex
621 1246 772 1287 notatis
793 1246 1107 1289 circumstantiis
1128 1248 1362 1290 discernere
1380 1247 1488 1289 licet.
1551 1247 1621 1290 Sic
1640 1247 1675 1288 si
1698 1247 1824 1289 Luna

112 1312 216 1353 hora
247 1319 272 1355 9
302 1315 502 1357 matutina
533 1316 757 1368 adoriatur,
789 1318 867 1359 erit
896 1326 1058 1374 tempus
1086 1335 1216 1377 usque
1243 1320 1296 1362 ad
1324 1320 1541 1361 meridiem
1563 1326 1587 1362 3
1608 1319 1822 1372 horarum,

112 1385 370 1442 angulusque
400 1388 654 1443 respondens
685 1388 769 1432 45⁰,
791 1391 904 1446 cujus
935 1391 1052 1447 dupli
1079 1393 1191 1435 sinus
1220 1401 1282 1434 est
1310 1393 1399 1448 ipse
1419 1392 1532 1434 sinus
1552 1400 1676 1444 totus,
1708 1393 1825 1448 cujus

110 1471 208 1511 pars
238 1466 383 1499 octava
411 1459 465 1500 sit
494 1460 607 1501 sinus
629 1460 771 1517 anguli
802 1461 856 1506 7⁰.
883 1464 961 1504 11'.
984 1463 1051 1504 cui
1079 1472 1242 1518 tempus
1262 1463 1486 1518 respondet
1505 1462 1592 1505 fere
1614 1469 1668 1506 30
1688 1463 1826 1505 minu-

112 1537 264 1582 torum,
290 1539 451 1574 tantum
470 1533 609 1589 itaque
628 1534 712 1575 ima
731 1549 838 1591 aqua
859 1543 997 1578 ortum
1016 1536 1151 1578 Lunae
1170 1536 1390 1592 praecedet.

176 1605 207 1655 §.
242 1607 308 1647 70.
356 1603 419 1646 Ut
450 1604 542 1646 haec
575 1605 630 1646 ad
661 1606 805 1647 datum
839 1607 974 1648 Lunae
1009 1622 1104 1649 cum
1142 1608 1238 1650 Sole
1273 1615 1486 1663 aspectum
1521 1607 1828 1650 accommodari

113 1684 278 1731 queant,
309 1691 514 1731 ponamus
534 1677 804 1736 longitudinis
828 1680 936 1721 Solis
966 1688 1007 1718 ‘V'
1032 1684 1071 1728 Θ
1105 1681 1241 1721 sinum
1260 1695 1349 1721 esse
1377 1696 1418 1718 =
1447 1680 1497 1731 F,
1528 1679 1715 1721 cosinum
1743 1696 1784 1718 =
1810 1677 1835 1720 f

114 1745 383 1803 longitudinis
404 1749 502 1790 vero
524 1749 659 1790 Lunae
680 1758 720 1788 ‘v'
755 1753 777 1790 1>
804 1751 940 1792 sinum
961 1767 1049 1793 esse
1072 1768 1113 1789 =
1137 1751 1194 1802 G,
1217 1751 1404 1792 cosinum
1427 1767 1468 1789 =
1490 1765 1542 1807 g3
1572 1758 1695 1806 atque
1710 1750 1829 1791 incli-

114 1819 292 1860 nationis
322 1820 522 1875 eclipticae
542 1823 582 1863 St
607 1830 648 1860 ‘v’
671 1838 697 1863 a
725 1823 862 1864 sinum
890 1840 931 1862 =
960 1823 1026 1874 M,
1059 1824 1244 1865 cosinum
1278 1840 1320 1862 =
1347 1837 1403 1864 m.
1466 1822 1550 1863 His
1579 1823 1724 1877 positis
1752 1823 1829 1864 erit

117 1889 162 1938 Q
178 1906 218 1927 =
242 1890 294 1932 M
316 1891 364 1942 F,
387 1899 428 1932 et
451 1893 491 1933 R
519 1909 561 1930 =
591 1893 642 1934 M
664 1894 707 1935 G
719 1910 730 1944 3
762 1903 884 1950 atque
906 1894 1157 1936 ascensionis
1177 1903 1301 1935 rectae
1323 1893 1430 1935 Solis
1450 1900 1491 1930 ‘v'
1511 1894 1548 1936 S
1568 1900 1742 1950 tangens
1764 1908 1829 1934 re-

407 1977 450 2002 m
465 1962 501 2004 F

114 1986 302 2040 perietur
333 2003 374 2025 =
407 2018 513 2070 Τ,
556 1989 691 2031 Lunae
719 1990 818 2031 vero
846 1991 1097 2033 ascensionis
1126 2000 1251 2033 rectae
1279 1999 1322 2029 ‘V'
1346 1992 1385 2034 L
1413 2000 1587 2048 tangens
1623 2008 1666 2029 =

1700 1980 1742 2005 m
1772 1966 1828 2033 G·

1741 2050 1772 2091 g

119 2099 393 2142 subtrahatur
412 2103 597 2143 ascensio
618 2113 730 2145 recta
751 2104 858 2147 Solis
879 2105 931 2146 ab
950 2106 1190 2147 ascensione
1210 2105 1321 2147 recta
1343 2106 1492 2155 Lunae,
1525 2113 1566 2146 et
1586 2104 1829 2146 differentiae

118 2174 229 2216 sinus
250 2175 302 2216 sit
329 2192 370 2212 =
400 2176 455 2226 K,
486 2177 652 2219 cosinus
680 2195 721 2216 =
747 2179 789 2220 k.
853 2178 962 2221 Cum
991 2180 1118 2236 igitur
1137 2180 1280 2237 anguli
1311 2182 1349 2221 Θ
1376 2179 1411 2220 Ρ
1443 2181 1465 2218 1>
1498 2178 1551 2220 sit
1571 2179 1685 2220 sinus
1712 2195 1753 2216 =
1784 2178 1828 2221 K

1152 2253 1215 2291 -xl
1244 2250 1558 2306 (pp—BR)
1587 2247 1894 2291 —VPR⁷

1459 2330 1530 2371 P·r

119 2398 174 2439 ob
193 2413 220 2440 v
245 2375 303 2437 =⁴
318 2406 355 2451 1,
378 2409 420 2442 et
440 2403 603 2444 cosinus
626 2419 667 2440 =
688 2375 1387 2452 Q),
1410 2401 1488 2442 erit
1508 2400 1651 2458 anguli
1672 2401 1713 2442 A
1730 2400 1767 2442 P
1784 2404 1823 2444 Θ

997 2459 1026 2498 p
1042 2459 1064 2485 Γ
1170 2479 1173 2482 ⁴

120 2508 1459 2584 sffius=T=Q
1477 2553 1519 2587 et
1532 2545 1820 2586 COSlDUS=t=

885 2598 915 2638 p
936 2599 958 2624 Ι·

117 2651 1358 2724 (Q
1370 2701 1382 2736 3
1433 2686 1580 2743 quibus
1618 2684 1826 2727 valoribus

699 2740 728 2780 p
749 2740 770 2765 r

118 2788 358 2841 substitutis,
374 2791 575 2849 simulque
588 2796 678 2837 sinu
695 2797 735 2836 V
751 2805 947 2852 tanquam
962 2797 1081 2839 valde
1097 2813 1226 2853 parvo
1242 2799 1514 2850 considerato,
1530 2800 1758 2856 reperietur
1770 2798 1826 2840 si-

118 2863 1824 2990 „usstQAQ—Aff—Qwff—m—k—Q.

906 2948 963 2974 ΓΙ·
996 2950 1141 2990 pp—

122 3024 210 3067 Sub
230 3036 440 3084 aequatore
460 3037 609 3080 autem,
632 3045 715 3086 quo
733 3029 782 3072 fit
803 3031 840 3074 P
860 3052 906 3068 =
925 3040 966 3082 0,
989 3032 1030 3073 V
1050 3053 1096 3068 =
1119 3006 1324 3116 K4kr3q:
1347 3047 1400 3075 ex
1414 3023 1594 3090 quo-pro
1613 3043 1824 3092 aequatore

118 2279 161 2313 et
180 2271 343 2314 cosinus
371 2290 412 2311 =
439 2274 481 2325 k,
503 2275 646 2332 anguli
666 2276 764 2318 vero
784 2278 825 2318 A
848 2277 884 2319 P
916 2280 937 2317 D
964 2278 1077 2319 sinus
1100 2294 1141 2315 =
