2092 3470
284 221 370 259 240
671 215 757 258 DE
789 214 991 258 CAUSA
1024 213 1295 256 PHYSICA
1326 213 1578 256 FLUXUS

286 332 432 373 eodem
462 330 618 372 circulo
647 330 844 386 aequatori
863 328 1060 384 parallelo
1079 342 1356 383 perseverare,
1386 328 1451 370 vel
1470 328 1730 370 latitudinem
1749 326 1924 368 eandem
1942 327 1988 369 in

285 405 457 462 singulis
486 403 807 446 revolutionibus
838 418 1012 453 servare,
1044 410 1085 443 et
1117 402 1388 443 variationem
1418 400 1610 443 ascensus
1633 415 1775 461 laquae,
1811 415 1905 457 quae
1931 413 1986 442 ex

286 476 421 535 figura
444 475 714 533 sphaeroidica
735 476 881 519 Terrae
900 475 1103 531 provenit,
1125 488 1211 515 non
1231 474 1551 516 consideramus.

884 628 1262 672 PROPOSITIO
1292 627 1395 670 VII.

284 760 423 803 Motus
441 775 556 816 aquae
575 762 759 803 turbatur
779 775 827 801 ea:
848 761 1040 815 inaequali
1059 760 1277 808 velocitate,
1300 757 1379 813 qud
1398 772 1566 812 corpora
1585 759 1693 798 circa
1713 772 1826 799 axem
1848 757 1986 799 Terrae
2027 766 2030 770 ⁴

867 840 973 874 motu
992 834 1136 873 diurno
1157 832 1399 887 deferuntur.

341 958 508 1012 Quippe
536 958 570 998 si
599 971 717 1013 aquae
737 958 865 998 moles
886 956 1040 1000 feratur
1059 967 1175 1009 aestu,
1207 959 1272 1000 vel
1292 957 1370 999 alia
1391 957 1443 999 de
1464 956 1598 1007 causa,
1631 956 1684 998 ad
1704 957 1901 1012 majorem
1918 955 1985 996 vel

279 1028 483 1068 minorem
503 1028 555 1068 ab
575 1036 784 1083 aequatore
805 1028 1052 1079 distantiam,
1074 1029 1228 1070 incidet
1247 1030 1289 1069 in
1311 1043 1459 1084 aquam
1475 1026 1633 1068 diversa
1650 1027 1864 1068 velocitate
1876 1026 1985 1068 circa

282 1114 404 1140 axen⁴
435 1099 579 1139 Terrae
608 1100 758 1148 latam;
789 1099 900 1140 unde
930 1100 1038 1140 illius
1060 1108 1219 1141 motum
1239 1100 1397 1141 turbari
1417 1113 1583 1140 necesse
1604 1105 1677 1138 est.
1737 1096 1986 1138 Differentia
2037 1136 2042 1142 ,

281 1171 547 1212 velocitatum
566 1171 715 1226 quibus
737 1186 923 1226 corpora,
947 1172 1126 1227 exempli
1145 1172 1290 1229 gratia,
1312 1173 1356 1212 in
1375 1172 1467 1212 loco
1489 1175 1588 1212 50⁸¹.
1610 1170 1663 1211 ab
1678 1178 1887 1225 aequatore
1901 1168 1985 1210 dis-

280 1242 371 1293 sito,
394 1250 435 1283 et
456 1243 498 1282 in
517 1242 609 1283 loco
641 1249 694 1284 36
724 1242 884 1302 tantum
903 1244 1093 1285 milliaria
1112 1245 1243 1302 magis
1265 1243 1406 1285 versus
1433 1243 1754 1298 septentrionem
1774 1250 1983 1298 vergente,

278 1315 410 1369 major
430 1323 491 1355 est
511 1313 634 1370 quam
655 1313 735 1370 qua
768 1319 791 1359 7
822 1315 1011 1357 milliaria
1038 1317 1209 1374 singulis
1228 1316 1341 1357 horis
1362 1316 1675 1366 describeretur,
1706 1323 1753 1356 ut
1770 1314 1880 1356 facili
1901 1314 1984 1356 cal-

279 1390 373 1430 culo
403 1390 572 1444 patebit.
635 1388 827 1445 Cumque
854 1384 989 1431 motus
1018 1391 1143 1432 maris
1172 1398 1309 1432 tantus
1337 1403 1633 1445 nonnunquam
1660 1389 1713 1430 sit
1736 1396 1783 1429 ut
1805 1395 1929 1429 aestus
1957 1393 1983 1430 6

276 1460 478 1510 milliaria,
513 1460 576 1501 vel
606 1461 729 1501 etiam
756 1460 878 1515 plura
907 1462 1078 1518 singulis
1106 1462 1220 1504 horis
1240 1462 1458 1512 describat,
1490 1461 1658 1503 effectus
1678 1461 1748 1517 qui
1767 1460 1865 1502 hinc
1883 1458 1985 1501 oriri

279 1540 454 1586 possunt
471 1547 557 1573 non
578 1540 675 1573 sunt
694 1533 997 1584 contemnendi.

337 1602 382 1643 Si
401 1617 508 1657 aqua
528 1602 735 1643 deferatur
754 1618 778 1643 a
798 1603 970 1644 meridie
991 1602 1131 1644 versus
1159 1604 1481 1658 septentrionem
1499 1611 1615 1644 motu
1643 1601 1826 1659 generali
1845 1599 1982 1652 aestfis,
1999 1600 2004 1605 ’

277 1672 341 1714 vel
373 1672 451 1713 alia
487 1671 630 1728 quavis
666 1672 718 1713 de
753 1672 887 1722 causa,
926 1688 1069 1715 cursus
1103 1689 1222 1730 aquae
1256 1674 1353 1714 hinc
1386 1673 1585 1728 paulatim
1619 1673 1807 1714 deflectet
1841 1670 1984 1713 versus

276 1744 491 1794 orientem,
513 1744 708 1799 quoniam
728 1759 834 1799 aqua
853 1743 968 1799 prius
989 1744 1194 1786 ferebatur
1214 1753 1329 1785 motu
1350 1744 1500 1785 diurno
1520 1742 1660 1784 versus
1681 1742 1789 1789 hanc
1816 1743 1983 1800 plagam
2009 1760 2031 1794 ᾖ

276 1816 421 1870 majori
450 1815 664 1856 velocitate
693 1814 819 1871 quam
848 1824 909 1857 est
938 1831 987 1856 ea
1017 1817 1108 1871 quae
1139 1816 1329 1857 convenit
1355 1815 1449 1856 loco
1479 1815 1609 1870 magis
1639 1813 1781 1855 versus
1811 1814 1983 1856 boream

276 1886 369 1927 sito.
432 1885 589 1926 Contra
619 1886 653 1926 si
683 1901 791 1941 aqua
819 1901 843 1926 a
873 1886 1150 1940 septentrione
1180 1885 1322 1927 versus
1352 1885 1567 1926 meridiem
1587 1884 1807 1934 deferatur,
1838 1899 1982 1927 cursus

279 1973 399 2014 aquae
429 1959 484 1999 ob
514 1958 689 2000 similem
709 1973 873 1999 causam
894 1958 1036 2000 versus
1057 1959 1312 2000 occidentem
1333 1958 1533 2000 deflectet.
1595 1956 1733 2013 Atque
1751 1957 1850 1999 hinc
1869 1958 1983 2009 varia

275 2029 411 2071 motus
450 2031 574 2070 maris
611 2030 887 2084 phaenomena
926 2032 1025 2072 oriri
1070 2032 1337 2086 suspicamur.
1419 2030 1536 2072 Hinc
1575 2029 1758 2080 forsitan,
1801 2030 1982 2085 exempli

272 2104 425 2160 gratia,
448 2113 609 2146 montes
629 2105 822 2161 glaciales
843 2120 936 2161 quae
957 2121 1011 2147 ex
1029 2105 1199 2147 Oceano
1223 2104 1388 2146 Boreali
1408 2102 1706 2161 digrediuntur,
1728 2101 1981 2158 frequentius

275 2177 586 2231 conspiciuntur
606 2178 649 2217 in
670 2178 912 2218 occidentali
934 2176 1056 2233 quam
1077 2178 1266 2219 orientali
1288 2176 1445 2218 Oceani
1465 2174 1663 2216 Atlantici
1682 2173 1817 2231 plaga.
1865 2173 1981 2224 Quin

274 2260 314 2293 et
342 2254 517 2308 majores
547 2260 670 2292 aestus
701 2251 798 2292 hinc
828 2252 926 2292 cieri
955 2267 1075 2306 posse
1104 2252 1148 2292 in
1176 2251 1364 2306 pluribus
1394 2248 1495 2290 locis
1514 2246 1636 2303 quam
1656 2239 1802 2303 quiiex
1821 2246 1980 2288 calculo

272 2323 422 2364 virium
456 2323 562 2365 Solis
592 2331 634 2364 et
663 2323 797 2363 Lunae
825 2318 1045 2377 prodeunt,
1067 2321 1206 2364 habita
1227 2321 1387 2363 ratione
1406 2318 1644 2368 latitudinis,
1666 2317 1885 2359 verisimile
1904 2325 1977 2360 est.

276 2395 464 2436 Eandem
497 2410 662 2436 causam
696 2395 749 2436 ad
784 2402 927 2436 ventos
960 2395 1190 2449 praesertim
1224 2393 1548 2435 vehementiores
1586 2390 1892 2447 propagandos,
1937 2399 1980 2432 et

273 2481 573 2522 nonnunquam
594 2467 804 2523 augendos
823 2467 888 2508 vel
908 2467 1168 2517 minuendos,
1199 2467 1358 2522 aliaque
1378 2474 1465 2507 tum
1485 2465 1589 2507 aeris
1610 2472 1698 2506 tum
1717 2463 1842 2505 maris
1861 2463 1978 2519 phae-

273 2553 450 2579 nomena
484 2539 756 2593 producenda
790 2539 1020 2580 conducere
1056 2539 1323 2595 suspicamur.
1399 2537 1482 2581 Sed
1515 2537 1606 2579 haec
1625 2552 1736 2579 nunc
1770 2535 1977 2595 sigillatim

273 2610 466 2667 prosequi
486 2625 570 2651 non
591 2610 697 2651 licet.

2082 2889 2086 2898 “
2080 2668 2092 2874 “>1-ιν-ι.-;-.--·.ι-
2075 2603 2092 2616 s
