2092 3470
228 206 311 244 252
559 199 912 250 INQUISITIO
943 200 1215 247 PHYSICA
1245 199 1313 242 IN
1346 199 1602 243 CAUSAM

223 314 489 372 mitigabitur.
552 314 809 370 Hujusmodj
837 323 975 357 autem
1004 315 1065 356 vis
1096 314 1311 356 existentia
1341 315 1431 357 aliis
1461 315 1704 367 rationibus,
1735 317 1852 360 nullo
1872 317 1931 365 ad

222 394 370 428 aestum
388 386 513 427 maris
532 385 675 428 habito
694 395 896 443 respectu,
920 374 1016 434 satis
1037 386 1147 428 clare
1169 387 1302 428 evinci
1328 395 1492 442 potest;
1522 390 1620 445 quia
1639 390 1749 431 enim
1767 390 1932 434 nullum

222 465 283 498 est
311 456 498 507 dubium,
531 457 631 513 quin
661 458 783 499 Luna
811 458 866 499 ad
897 458 1075 499 Terram
1104 467 1339 501 constanter
1368 459 1537 511 feratur,
1569 462 1624 503 ob
1654 462 1933 518 aequalitatem

223 530 396 572 actionis
425 538 467 572 et
495 530 712 573 reactionis
743 531 919 572 Terram
954 545 1119 586 quoque
1151 530 1294 573 versus
1325 533 1493 574 Lunam
1525 534 1624 588 pelli
1653 549 1822 577 necesse
1856 543 1932 578 est.

224 601 415 657 Namque
436 601 470 642 si
489 616 691 657 ponamus
715 601 810 644 Sole
830 602 994 656 penitus
1016 601 1191 652 sublato,
1211 602 1357 644 Terrae
1377 618 1426 645 ac
1442 603 1578 645 Lunae
1593 619 1758 647 omnem
1773 614 1935 648 motum

222 671 361 714 subite>
390 672 529 723 adimi,
563 672 686 714 Luna
706 672 848 728 utique
869 672 923 713 ad
954 672 1132 714 Terram
1152 673 1346 723 accedet;
1376 688 1503 723 nemo
1523 681 1662 716 autem
1681 691 1767 718 non
1785 691 1935 720 conce-

221 743 304 794 det,
335 742 468 798 probe
495 743 710 799 perpensis
739 742 952 798 principiis
982 743 1245 794 mechanicis,
1277 744 1456 786 Terram
1482 745 1640 787 interea
1658 761 1744 788 non
1762 746 1935 802 prorsuis

223 833 313 860 esse
343 818 588 874 quieturam,
621 818 694 859 sed
724 818 859 859 Lunae
888 817 1053 859 obviarn
1086 818 1250 868 ituram,
1285 833 1614 876 concursumque
1647 821 1692 862 in
1725 822 1937 863 communi

224 889 437 946 gravitatis
467 897 611 930 centro
641 889 908 945 contingere:
939 888 1022 930 hoc
1049 897 1188 930 autem
1210 889 1374 931 evenire
1395 905 1481 931 non
1508 891 1674 945 poterit,
1701 891 1782 932 nisi
1802 890 1938 933 Terra

221 969 316 1003 actu
345 961 399 1002 ad
429 961 596 1002 Lunam
623 960 878 1002 sollicitetur.
940 960 1107 1002 Deinde
1134 961 1178 1001 in
1198 959 1287 1016 ipsa
1308 961 1430 1003 Luna
1449 962 1695 1018 gravitatem
1715 962 1806 1004 dari
1824 963 1936 1005 simi·

223 1033 307 1074 lem
325 1033 437 1083 huic,
459 1032 648 1088 quamxin
669 1031 803 1074 Terra
825 1032 1038 1084 sentimus,
1070 1033 1214 1090 negari
1238 1048 1325 1075 non
1343 1042 1502 1089 potest3
1533 1035 1612 1076 nisi
1633 1035 1744 1078 enim
1762 1036 1856 1078 talis
1875 1036 1938 1078 vis

220 1104 267 1145 in
287 1102 410 1145 Luna
430 1103 601 1159 vigeret,
622 1110 761 1158 partes
782 1103 919 1145 Lunae
938 1103 1091 1154 fluidae,
1114 1102 1210 1146 cum
1232 1104 1286 1145 ob
1308 1106 1551 1161 gravitatem
1571 1106 1615 1147 in
1636 1107 1827 1158 Terram,
1846 1105 1938 1150 tum

222 1175 276 1216 ob
295 1182 457 1215 motum
480 1173 616 1214 Lunae
646 1174 756 1215 circa
783 1174 1002 1230 proprium
1021 1189 1156 1225 axem,
1177 1175 1254 1216 etsi
1274 1175 1327 1217 sit
1347 1176 1573 1218 admodum
1591 1178 1741 1229 lentus,
1772 1187 1814 1221 et
1832 1187 1938 1222 tem-

226 1247 322 1302 pori
349 1246 562 1301 periodico
591 1247 776 1303 aequalis,
802 1237 1072 1302 jamdudum
1097 1248 1342 1299 avolassent,
1373 1257 1597 1306 partesque
1617 1251 1762 1299 solidae
1781 1253 1938 1295 comis-

221 1319 392 1360 tentiam
426 1333 545 1360 suam
579 1319 824 1361 amisissent.
885 1318 1082 1360 Pluribus
1115 1318 1295 1375 denique
1329 1319 1418 1360 aliis
1451 1321 1680 1362 rationibus
1710 1336 1765 1363 ex
1789 1323 1938 1365 natura

222 1391 428 1433 vorticum
456 1391 610 1446 petitis,
640 1392 773 1448 magis
800 1390 1038 1432 confirmari
1063 1398 1205 1446 posset
1224 1391 1305 1433 tale
1325 1406 1479 1447 corpus
1494 1393 1772 1445 mundanum,
1788 1395 1939 1452 'cujus—

228 1466 343 1507 modi
364 1474 426 1508 est
447 1466 584 1518 Luna,
618 1467 843 1510 subsistere
863 1481 949 1508 non
967 1481 1103 1521 posse,
1124 1466 1205 1507 nisi
1224 1467 1379 1508 vortice
1399 1467 1453 1508 sit
1472 1465 1666 1518 cinctum,
1698 1483 1781 1524 quo
1801 1469 1939 1526 gravi·

231 1545 294 1579 tas
314 1538 358 1578 in
377 1539 421 1579 id
450 1548 686 1596 generetur.
748 1539 877 1589 Quod
897 1539 931 1580 si
952 1552 1089 1580 autem
1108 1539 1424 1596 gravitationem
1441 1538 1584 1582 versus
1605 1541 1772 1582 Lunam
1792 1555 1940 1584 conoe-

224 1608 385 1660 damus,
418 1626 493 1652 cur
523 1613 610 1667 ejus
641 1612 847 1654 actionem
875 1626 962 1652 non
991 1611 1045 1652 ad
1074 1625 1150 1651 nos
1177 1610 1307 1667 usque
1325 1611 1606 1661 admittamus,
1636 1611 1750 1653 nulla
1769 1611 1939 1656 omnin&

221 1683 328 1723 ratio
349 1685 517 1726 suadet:
549 1686 649 1742 quin
669 1684 808 1740 potius
838 1684 1039 1740 ejusmodi
1059 1684 1143 1725 vim
1171 1684 1345 1725 similem
1365 1684 1489 1724 statui
1509 1684 1739 1734 conveniet,
1770 1685 1938 1741 reliquis

222 1753 266 1793 in
285 1755 444 1796 mundo
464 1756 749 1811 deprehensis,
782 1770 876 1811 quae
895 1755 1013 1810 quasi
1042 1755 1085 1795 in
1114 1754 1323 1795 infinitum
1341 1754 1628 1810 porriguntur,
1661 1763 1784 1810 atque
1802 1755 1939 1798 inver-

222 1839 312 1867 sam
332 1825 586 1881 duplicatam
607 1835 749 1868 tenent
769 1826 1057 1867 distantiarum
1077 1826 1291 1866 rationem.

278 1899 308 1949 §.
334 1902 401 1938 10.
434 1898 520 1939 His
549 1898 750 1952 expositis
779 1896 1042 1938 manifestum
1073 1904 1146 1946 est,
1179 1904 1220 1936 et
1249 1894 1368 1951 quasi
1399 1894 1652 1950 experientia
1689 1896 1936 1948 convictum,

225 1966 402 2009 Terram
432 1983 528 2009 cum
555 1968 726 2025 singulis
753 1968 837 2009 suis
862 1968 1051 2022 partibus
1080 1975 1165 2008 tam
1193 1965 1337 2007 versus
1359 1966 1525 2007 Lunam
1546 1960 1671 2023 quam
1689 1965 1832 2010 versus
1858 1968 1938 2024 Sp-

222 2039 306 2080 lem
334 2039 539 2095 perpetuo
570 2040 793 2090 sollicitari,
825 2047 947 2095 atque
976 2047 1194 2094 utramque
1224 2038 1308 2078 vim
1335 2037 1690 2092 proportionalem
1716 2053 1806 2080 esse
1833 2039 1937 2081 reci·
1973 2094 1978 2103 χ

224 2112 353 2166 proce
382 2113 592 2169 quadratis
622 2113 922 2155 distantiarum.
985 2111 1073 2153 Hae
1092 2110 1219 2167 igitur
1238 2110 1359 2160 vires,
1382 2109 1478 2151 clim
1498 2118 1594 2151 actu
1615 2110 1806 2162 existant,
1837 2124 1938 2153 con·-

223 2193 459 2242 stanterque
488 2187 680 2228 effectum
711 2201 832 2227 suum
860 2192 1045 2234 exerant,
1076 2183 1120 2224 in
1147 2182 1344 2238 praesenti
1370 2182 1551 2239 negotio,
1590 2197 1674 2238 quo
1698 2183 1755 2228 in,
1769 2196 1938 2226 causam

223 2256 346 2298 aestfis
376 2258 501 2299 maris
531 2258 790 2313 inquirimus,
820 2256 1025 2312 praeteriri
1053 2254 1224 2296 omnino
1253 2262 1466 2310 nequeunt
1478 2269 1490 2304 3
1521 2254 1602 2295 nisi
1629 2254 1811 2296 dilucide
1838 2254 1936 2297 ante

223 2328 277 2369 sit
305 2329 542 2383 probatum,
575 2344 643 2371 eas
671 2343 757 2370 non
787 2327 923 2370 solum
950 2328 1111 2369 fluxum
1131 2342 1180 2369 ac
1199 2327 1407 2368 refluxum
1431 2340 1517 2368 non
1544 2340 1756 2383 generare,
1787 2327 1862 2369 sed
1880 2341 1934 2369 ne

222 2399 391 2454 quidem
423 2401 644 2456 quicquam
673 2399 847 2441 efficere.
909 2399 951 2441 Si
981 2399 1092 2440 enim
1126 2398 1217 2440 istae
1248 2398 1354 2439 vires
1381 2397 1513 2439 ullum
1542 2397 1747 2440 duntaxat
1771 2406 1935 2440 motum

221 2474 484 2529 reciprocum
512 2474 618 2515 mari
645 2474 841 2515 inducere
871 2473 1044 2523 valeant,
1065 2471 1339 2528 ¹quantumvis
1365 2471 1400 2512 is
1428 2471 1551 2511 etiam
1580 2470 1632 2511 sit
1651 2470 1841 2527 exiguus,
1871 2480 1934 2515 at-

222 2559 303 2601 que
333 2544 439 2586 adeo
465 2545 586 2585 aestui
615 2544 740 2585 maris
764 2542 935 2585 fortasse
965 2543 1210 2592 contrarius,
1241 2555 1384 2583 earum
1410 2549 1550 2582 tamen
1577 2541 1683 2582 ratio
1701 2542 1933 2586 necessarie>

221 2616 300 2657 erit
325 2615 530 2665 habenda,
562 2613 657 2656 cum
687 2615 776 2655 sine
804 2614 885 2655 illis
909 2628 1006 2655 vera
1032 2628 1169 2663 causa,
1202 2625 1474 2669 quaecumque
1508 2611 1573 2661 sit,
1604 2626 1740 2668 neque
1765 2613 1932 2668 investi-

221 2687 312 2744 gari
330 2702 466 2743 neque
486 2686 681 2744 cognosci
699 2687 842 2741 possit.
897 2686 1045 2741 Neque
1064 2693 1267 2740 praeterea
1286 2698 1397 2726 sanae
1418 2683 1588 2725 rationis
1606 2693 1817 2740 praecepta
1833 2673 1931 2741 per-

221 2759 391 2799 mittunt
422 2758 521 2799 alias
555 2757 663 2798 vires
694 2756 944 2814 excogitare,
977 2756 1021 2796 in
1055 2756 1187 2812 iisque
1215 2768 1381 2796 causam
1407 2753 1533 2795 aestfis
1559 2755 1686 2796 maris
1712 2755 1929 2809 collocare,

222 2838 445 2886 antequam
473 2831 685 2872 evidenter
714 2830 767 2872 sit
791 2830 1132 2878 demonstratum,
1160 2828 1278 2872 binas
1305 2827 1403 2867 istas
1435 2826 1540 2867 vires
1571 2826 1710 2868 Solem
1744 2827 1931 2871 Lunam-

223 2915 304 2957 que
325 2909 570 2955 spectantes,
593 2916 694 2957 quas
714 2916 797 2942 non
819 2898 1000 2958 gratuito
1021 2898 1302 2948 assumsimus,
1335 2897 1410 2939 sed
1430 2911 1483 2938 ex
1504 2897 1738 2939 certissimis
1756 2898 1931 2953 phaeno-

222 2972 354 3013 menis
385 2972 427 3012 in
457 2973 616 3014 mundo
640 2972 818 3014 existere
846 2971 1048 3021 novimus,
1081 2969 1135 3010 ad
1165 2969 1325 3010 fluxum
1359 2983 1408 3010 ac
1439 2968 1645 3010 refluxum
1674 2969 1799 3010 maris
1829 2983 1930 3026 pro-

223 3043 458 3087 ducendum
478 3059 562 3086 non
583 3060 671 3087 esse
692 3044 950 3086 sufficientes.
1013 3043 1065 3085 In
1086 3042 1352 3098 sequentibus
1373 3049 1511 3084 autem
1535 3041 1749 3097 Capitibus
1765 3042 1928 3086 clatris-
