2092 3470
291 241 318 278 6
694 203 1149 277 PHILOSOPHIAE
1178 231 1540 275 NATURALIS
1597 231 1693 284 [Dr.
1715 230 1846 274 Mun.
1865 232 1988 276 Svsr.

289 347 320 380 P
336 347 359 379 S
373 347 404 378 L
424 346 483 377 sub
501 355 565 387 quo
585 357 604 379 e
623 352 730 380 centu-o
753 347 834 380 Solis
849 349 872 380 S
886 346 1040 378 videretur
1053 346 1116 378 dis-

287 391 386 422 tantia
406 388 543 421 satellitis
556 399 576 422 a
589 396 694 422 centro
707 390 847 431 primarii
863 391 902 429 P,
923 390 1037 422 dicitur
1050 390 1119 432 ejus

291 1876 447 1918 elongatio
471 1875 699 1911 heliocentrica3
712 1885 784 1917 quae
805 1874 943 1906 maxima
965 1879 1020 1910 est,
1049 1872 1124 1905 cum

292 1920 428 1962 angulus
454 1920 477 1951 S
499 1920 527 1951 P
550 1919 580 1950 L
605 1925 707 1950 rectus
731 1925 785 1950 est.
832 1917 918 1955 Quia
940 1915 1012 1948 vero
1038 1915 1068 1947 P
1092 1916 1123 1948 L

292 1963 366 1994 data
385 1968 440 1998 est,
463 1962 674 2004 elongationes
695 1961 839 1992 maximae
858 1958 1075 1991 heliocontrica
1094 1965 1126 1990 et

292 2005 487 2047 geocentrica
507 2004 642 2045 aequales
659 2010 742 2040 sunt,
765 2003 820 2035 ubi
834 2002 959 2043 planeta
975 2002 1004 2034 P
1017 2012 1037 2033 a
1053 2002 1126 2034 Sole

293 2054 325 2079 et
339 2047 421 2079 terra
434 2046 522 2088 aeque
535 2047 638 2078 distat.

340 2090 482 2132 Cognitis
496 2090 665 2121 orbitarum
679 2088 846 2126 diametris,
867 2094 1009 2128 tempora
1023 2086 1124 2126 perio-

296 2133 366 2164 dica
401 2132 569 2164 satellitum
603 2131 735 2163 inveniri
770 2137 901 2171 possunt
936 2140 991 2171 per
1019 2139 1150 2160 eorum-

295 2176 424 2215 eclipses
446 2174 591 2206 maximat
619 2174 800 2212 durationis,
831 2180 923 2215 atque
952 2172 1045 2204 etiam
1073 2182 1129 2212 per

295 2219 459 2249 transitum
471 2217 609 2249 satellitis
623 2223 678 2248 aut
692 2218 811 2248 umbrae
825 2216 910 2247 illius
922 2226 978 2255 per
987 2214 1128 2246 medium

295 2261 418 2292 discum
446 2261 578 2300 planetae
606 2259 753 2301 primarii.
812 2259 898 2290 Nam
923 2257 996 2289 cum
1023 2256 1129 2288 radius

296 2303 405 2335 circuli
419 2304 460 2334 sit
473 2302 600 2344 aequalis
610 2303 696 2334 arcui
710 2301 797 2343 grad.
811 2305 862 2334 57.
869 2304 983 2338 29578,
1002 2300 1089 2341 (Lib.
1100 2299 1128 2331 I.

296 2353 361 2377 not.
374 2345 468 2387 572.)
491 2353 523 2377 et
536 2346 608 2377 data
623 2346 663 2376 sit·
676 2345 754 2376 ratio
768 2344 846 2376 radii
863 2345 893 2376 P
910 2344 938 2375 L
953 2343 993 2374 ad
1012 2342 1128 2374 diame-

295 2395 380 2420 trum
401 2388 534 2428 planetae
575 2388 691 2419 rImarii
708 2387 738 2419 0
756 2387 796 2424 R,
821 2387 879 2418 erit
892 2383 1130 2428 quamproxime

296 2438 332 2463 ut
356 2432 384 2464 P
400 2431 430 2463 L
444 2431 485 2462 ad
502 2431 532 2462 Ο
551 2399 593 2469 R,
615 2430 659 2462 ita
678 2430 794 2472 gradus
815 2432 987 2462 57.29578.
1005 2427 1045 2459 ad
1066 2437 1128 2457 nu-

295 2484 419 2506 merum
441 2473 597 2515 graduum
621 2473 712 2505 arcus
736 2472 844 2514 exigui
868 2472 896 2504 C
917 2472 960 2508 A,
986 2469 1042 2511 qui
1064 2468 1130 2500 fere

296 2517 422 2559 aequalis
443 2523 491 2547 est
509 2516 662 2548 diametro
678 2516 709 2548 Ο
728 2516 771 2552 R,
791 2516 834 2547 ob
855 2513 1016 2554 parallelas
1039 2512 1070 2543 Ο
1088 2511 1126 2549 C,

300 2560 332 2591 R
350 2561 390 2591 A.
439 2559 511 2591 Fiat
535 2558 648 2591 deinde
670 2564 708 2590 ut
730 2567 880 2588 numerus
900 2555 1056 2598 graduum
1075 2559 1130 2585 aut

295 2603 431 2642 partium
453 2601 567 2644 gradus
591 2602 618 2633 C
635 2601 666 2633 A
689 2600 737 2631 vel
762 2601 792 2632 Ο
812 2600 842 2631 R.
859 2599 900 2631 ad
919 2597 1035 2640 gradus
1052 2601 1127 2634 560,

296 2644 341 2675 ita
363 2652 486 2685 tempus
510 2655 574 2686 quo
597 2643 780 2675 describitur
807 2642 834 2674 C
852 2643 883 2673 A
910 2641 959 2672 vel
987 2640 1017 2671 Ο
1036 2640 1068 2671 R
1088 2638 1128 2670 ad

295 2692 418 2727 tempus
439 2688 629 2727 periodicum
649 2686 799 2723 satellitis,
821 2683 905 2726 quod
927 2684 971 2715 ita
991 2682 1124 2714 dabitur.

299 2730 464 2770 Supposita
485 2729 603 2762 theoria
624 2729 762 2769 primarii
782 2728 914 2769 planetae
942 2736 998 2766 per
1025 2727 1129 2756 obser-

297 2772 433 2803 vationes
454 2771 664 2808 determinata,
686 2777 824 2811 tempora
838 2769 991 2810 periodica
1007 2766 1125 2799 inveni·
1146 2770 1156 2798 ἢ
1173 2809 1176 2817 Ι

297 2821 395 2845 untur
406 2815 613 2846 mensurando
627 2814 786 2845 intervalla
797 2812 943 2852 temporis
955 2811 1036 2844 inter
1050 2809 1128 2840 duas

233 2866 245 2880 0
296 2857 466 2907 satellitum
491 2858 732 2900 conjunctiones,
759 2856 807 2888 vel
828 2855 922 2887 etiam
945 2854 1027 2885 inter
1046 2852 1127 2884 duas

297 2899 500 2941 digressiones
514 2901 673 2933 maximas.

340 2945 390 2975 52.
420 2942 593 2974 Satellitum
613 2954 633 2975 a
656 2948 763 2974 centro
782 2940 872 2974 Jovis
891 2938 1051 2973 dimntiae
1070 2939 1129 2970 ob-

297 2984 438 3018 servandi
453 2991 484 3015 et
498 2985 530 3015 in
545 2985 685 3016 diametri
697 2985 834 3026 partibus
845 2981 1016 3015 aestimandi
1031 2980 1128 3021 tripli-

297 3038 364 3060 cem
391 3028 573 3058 methodum
598 3027 742 3059 describit
770 3027 892 3059 Clariss.
920 3024 1067 3057 Cassinus
1094 3024 1127 3054 in

300 3071 476 3103 Elementis
494 3071 700 3102 Astronomiae
715 3081 797 3102 anuo
815 3074 896 3102 1740
923 3067 1026 3100 editis.

1203 345 1250 377 10.
1288 346 1335 377 stt
1359 346 1487 378 ΑΕΒ
1512 345 1648 386 Jupiter,
1676 345 1989 378 Dsnnorbim
2026 332 2062 357 ‘⁸

1158 388 1304 425 satellitis,
1331 388 1527 420 micrometro
1554 389 1692 428 capiatur
1720 388 1870 419 diameter
1897 387 1986 419 Jovis
2002 397 2010 405 ·

1425 431 1455 462 A
1468 431 1507 468 B,
1523 430 1698 463 deindeubi
1711 430 1831 462 satelles
1844 431 1878 460 in
1891 431 1990 465 mni-

1421 471 1476 504 ma
1489 473 1683 516 elongatione
1697 479 1841 510 versatur,
1853 471 1991 512 capi-mr

1420 514 1565 546 distantia
1579 515 1613 547 D
1627 516 1665 551 C,
1681 515 1761 547 inter
1774 522 1914 546 centrum
1929 515 1988 548 Jo-

1420 557 1466 588 vis
1478 558 1516 595 C,
1532 563 1565 589 et
1579 557 1748 590 ⁴satellitem
1768 558 1812 595 D,
1823 567 1887 599 quo

1420 599 1565 631 distantia
1591 600 1626 631 D
1653 600 1691 638 C,
1715 600 1893 631 conferatur
1914 608 1990 630 cum

1421 641 1571 673 diametro
1584 642 1609 675 J
1609 642 1683 680 ovis,
1697 643 1860 674 habebitur
1871 641 1988 675 distan-

1421 684 1465 715 tia
1492 684 1630 716 satellitis
1657 695 1677 715 a
1704 690 1810 716 centro
1837 684 1928 718 Joeis
1954 684 1989 717 in

1421 727 1558 788 partgbus
1572 727 1723 758 diametri.

1420 810 1508 851 pium
1528 812 1562 842 in
1576 812 1665 853 cujus
1684 812 1755 843 foco
1775 817 1919 851 aptantur
1937 810 1992 843 fil·

1420 860 1562 895 quatuor,
1585 864 1717 896 quorum
1734 854 1798 885 duo
1820 855 1850 885 G
1865 854 1910 890 H,
1929 854 1959 885 E
1972 854 1991 885 Ι

1421 907 1487 928 sese
1495 896 1785 938 perpendiculariter
1793 903 1907 933 secem,
1918 896 1991 929 reli·

1422 950 1485 981 qua
1503 939 1568 971 duo
1590 940 1624 971 N
1640 940 1688 976 M,
1714 939 1744 971 P
1760 938 1856 976 ths
1874 938 1915 970 ad
1934 949 1991 970 nn-

1421 982 1514 1023 gulos
1555 982 1732 1015 semirectos
1773 982 1916 1013 insistant
1957 981 1992 1012 in

1422 1026 1581 1056 communi
1593 1025 1727 1056 sectione
1740 1025 1777 1056 C.
1812 1024 1936 1062 Quibus
1949 1022 1993 1055 ita

1421 1068 1534 1107 paratis
1555 1068 1706 1109 dirigatur
1732 1066 1933 1107 telescopium
1960 1072 1993 1097 et

1422 1109 1572 1142 continuo
1583 1116 1727 1147 vertatur,
1743 1109 1841 1141 donec
1851 1115 1992 1140 centrum

1422 1153 1510 1186 Jovis
1529 1154 1567 1191 C,
1589 1160 1678 1186 motu
1703 1153 1816 1185 diurno
1834 1161 1935 1184 uuum
1953 1160 1993 1182 ex

1421 1197 1470 1226 his
1497 1196 1567 1234 filis,
1597 1202 1674 1237 puta
1702 1195 1733 1227 E
1759 1195 1788 1237 1,
1794 1204 1995 1268 fiferr-*utrem

1422 1238 1570 1277 videatur,
1588 1238 1624 1270 iu
1637 1248 1700 1280 quo
1718 1238 1780 1269 situ
1829 1247 1885 1268 um
1909 1236 1940 1268 G
1956 1236 1994 1268 H
2012 1246 2016 1248 “

1423 1281 1574 1313 circulum
1601 1281 1737 1324 aliquem
1765 1279 1923 1311 horarium
1947 1289 1996 1310 re-

1423 1323 1626 1364 praesentabit.
1675 1324 1864 1356 observetur
1881 1319 1996 1353 deinde

1423 1366 1596 1398 differentia
1621 1365 1768 1406 temporis
1787 1365 1868 1397 inter
1885 1363 1995 1404 appul-

1424 1419 1495 1440 sum
1514 1409 1612 1441 centri
1646 1408 1736 1441 Jovis
1767 1414 1800 1440 et
1832 1407 1996 1448 appulsum

1424 1451 1562 1483 satellitis
1581 1451 1616 1482 in
1637 1449 1773 1482 maxima
1793 1449 1852 1481 sua
1871 1449 1940 1482 elon

1424 1494 1508 1526 tione
1525 1493 1672 1525 versantis
1685 1493 1726 1526 ad
1744 1492 1878 1524 eundem
1898 1491 1998 1529 ἀκομ-

1425 1537 1494 1568 lum
1512 1537 1671 1568 horasium
1693 1536 1725 1567 G
1750 1534 1798 1572 H,
1823 1533 1999 1569 differentia

1420 1579 1567 1619 temporis
1581 1584 1776 1610 convertatur
1789 1577 1823 1608 in
1836 1576 1954 1618 gradus
1965 1582 1998 1613 et

1420 1622 1551 1660 minuta,
1574 1621 1619 1652 ita
1642 1627 1679 1653 ut
1706 1626 1841 1661 quatuor
1864 1618 1998 1655 minutis

1425 1664 1554 1695 horariis
1575 1662 1757 1703 respondeat
1773 1662 1888 1703 gradus
1901 1671 1995 1699 unus,

1425 1706 1587 1738 habebitur
1606 1706 1706 1746 portio
1733 1706 1767 1736 D
1785 1705 1812 1736 F
1833 1705 1884 1735 vel
1906 1703 1941 1742 K
1958 1704 1997 1742 C,

1425 1748 1533 1780 circuli
1546 1748 1684 1789 paralleli
1697 1748 1722 1780 J
1722 1747 1795 1779 ovis.
1844 1747 1998 1784 obme-

1425 1797 1477 1823 tur
1493 1792 1587 1824 etiam
1601 1790 1774 1824 differentia
1786 1787 1935 1829 temporis
1945 1788 1996 1826 in-

1426 1839 1473 1865 ter
1480 1834 1646 1874 appulsum
1653 1833 1792 1865 satellitis
1800 1831 1840 1865 ad
1850 1832 1888 1867 L.
1902 1836 1934 1863 et
1942 1841 1998 1872 ap-

1166 1872 1292 1912 pulsum
1302 1873 1343 1904 ad
1357 1874 1393 1912 F,
1405 1885 1476 1917 quae
1485 1877 1658 1908 differentia
1669 1875 1762 1908 simili
1772 1874 1867 1914 modo
1881 1874 1915 1904 in
1925 1883 1998 1916 gra-

1166 1915 1226 1947 dus
1234 1916 1341 1947 circuli
1349 1918 1488 1957 paralleli
1497 1919 1716 1968 graduumque
1726 1924 1828 1960 partes
1837 1922 1998 1949 eonverta-

1166 1964 1228 1996 tur,
1238 1959 1400 1991 habebitur
1412 1962 1441 1994 L
1453 1963 1490 2000 F,
1500 1963 1552 1994 cui
1562 1962 1689 2003 aequahs
1699 1967 1746 1993 est
1759 1960 1786 1992 F
1799 1959 1837 1996 C,
1849 1960 1998 2000 ⁰¹22!st

1166 2001 1214 2033 los
1230 2001 1260 2033 L
1273 2002 1300 2034 C
1315 2002 1352 2042 F,
1371 2003 1487 2042 FLC,
1503 2004 1688 2036 semin-eccos.
1733 1999 1910 2036 Detinet&
1925 1998 1999 2041 DF

1168 2897 1200 2924 et
1222 2891 1250 2924 F
1273 2891 1310 2928 C,
1337 2889 1428 2921 datur
1452 2888 1486 2920 D
1509 2887 1546 2919 C.
1602 2884 1678 2917 Jam
1698 2879 1874 2931 conferam
1899 2878 1933 2910 D
1957 2877 1995 2915 C,

1169 2945 1243 2967 cum
1257 2933 1407 2965 diametro
1421 2931 1509 2964 Jovis
1528 2930 1558 2962 A
1573 2929 1601 2961 B
1616 2926 1665 2958 vel
1682 2925 1712 2957 O
1730 2924 1761 2963 S,
1777 2932 1866 2964 ciuus
1879 2921 1997 2953 dtame-

1170 2978 1210 3010 tri
1232 2986 1377 3008 mensura
1397 2973 1568 3009 habebitur,
1590 2969 1617 3002 si
1637 2976 1760 3017 tempus
1772 2975 1835 3017 quo
1849 2963 1997 2996 diameter

1170 3031 1224 3062 per
1245 3020 1335 3051 filum
1357 3018 1515 3049 horarium
1538 3015 1568 3046 G
1586 3013 1623 3044 H
1644 3016 1761 3059 transit,
1782 3019 1812 3039 m
1833 3006 1948 3057 gradus
1965 3010 1997 3037 et

1170 3064 1291 3095 minuta
1316 3066 1520 3097 convertatur,
1546 3055 1706 3096 utriusque
1731 3052 1870 3084 diametri
1898 3049 1931 3081 D
1957 3048 1994 3086 C,

1896 552 2017 595 factos

1548 769 1772 800 Adhibendum
1796 774 1843 800 est
1863 768 1989 800 teleseo-
2024 807 2029 817 ἱ
2052 788 2054 791 -
