2092 3470
277 211 378 252 xxvi
836 247 839 249 μ
912 211 1356 257 INTRODUCTIO
1769 216 1899 267 [Ου’.
1922 216 1984 260 11.

257 324 397 366 'Hinc
435 322 534 365 verb
573 324 776 381 sequitur*
797 325 941 369 sideris
980 328 1025 369 in
1063 329 1215 376 vertice
1257 329 1305 379 Z,
1347 325 1556 371 constituti
1596 329 1845 385 parallaxim
1878 345 1981 381 *esse

276 396 446 446 nullam,
484 396 657 438 eandem
691 412 875 441 creseere
907 415 1001 442 cum
1036 400 1229 443 distantia
1265 417 1290 443 a
1322 403 1475 445 vertice
1506 410 1547 444 et
1574 403 1619 444 in
1647 403 1863 445 horizonte
1889 403 1982 446 fieri

278 467 516 511 maximam.
586 469 794 525 ,Sequitur
829 475 993 527 quoque
1035 472 1148 513 sinus
1187 472 1461 527 parallaxium
1494 473 1539 514 in
1572 474 1741 529 paribus
1776 474 1923 517 sideris
1958 490 1985 517 a
2036 474 2043 479 ’
2089 462 2092 500 3

266 546 422 580 *centro
455 546 578 585 terrae
607 539 810 583 distantiis
841 557 930 583 esse
957 550 1004 584 ut
1033 543 1146 584 sinus
1167 542 1459 586 distantiarum
1491 544 1671 586 visarum
1695 560 1720 586 a
1746 545 1913 597 vertice,
1942 554 1986 588 et

277 608 372 650 ide&
392 609 426 651 si
446 610 566 651 detur
584 612 805 666 parallaxis
826 613 972 655 sideris
991 614 1035 655 in
1055 612 1190 670 aliqua
1211 629 1236 655 a
1257 615 1407 659 vertice
1426 615 1633 666 distantia,
1654 615 1819 671 dabitur
1839 617 1885 660 in
1897 616 1978 660 alia

278 679 422 737 quavis
442 680 635 723 distantia
657 697 680 723 a
700 683 865 725 vertice.

346 2157 413 2193 31.
444 2151 556 2194 Data
593 2153 736 2195 sideris
769 2153 826 2203 Q,
862 2153 1064 2208 parallaxi
1087 2154 1138 2200 ,A
1170 2154 1214 2204 Q
1244 2153 1297 2204 T,
1329 2167 1424 2195 cum
1453 2152 1608 2210 angulo
1640 2153 1674 2195 Z
1695 2153 1735 2194 A
1757 2153 1796 2194 V
1816 2168 1888 2194 seu
1906 2152 1990 2195 dis-

289 2222 413 2263 tantia
449 2232 673 2278 apparente
707 2240 732 2265 a
764 2225 928 2276 vertice,
960 2225 1081 2266 datur
1110 2225 1154 2266 in
1188 2223 1499 2266 semidiametris
1533 2232 1655 2264 terrae
1681 2231 1770 2264 tum
1796 2223 1991 2266 distantia

290 2293 334 2342 Q
355 2294 397 2335 T
427 2294 569 2336 sideris
602 2296 645 2345 Q
674 2312 699 2337 a
727 2304 870 2338 centro
897 2304 1033 2347 terrae,
1056 2304 1146 2337 tum
1165 2295 1356 2338 distantia
1371 2295 1458 2350 ejus
1473 2289 1518 2335 ⁴A
1543 2293 1586 2342 Q
1605 2308 1630 2334 a
1649 2292 1741 2334 loco
1763 2293 1816 2334 A.
1876 2295 1991 2336 Dato

289 2365 398 2406 enim
428 2366 581 2423 angulo
614 2367 647 2408 Z
669 2368 709 2409 A
731 2368 774 2417 Q
805 2367 927 2408 datur
956 2367 998 2408 T
1018 2367 1059 2408 A
1082 2366 1125 2416 Q
1145 2366 1492 2420 complementum
1512 2363 1621 2404 illius
1641 2363 1694 2404 ad
1714 2359 1818 2404 duos
1842 2373 1992 2415 rectos,

288 2435 412 2486 unde,
450 2437 504 2477 ob
541 2437 684 2478 datum
713 2438 836 2480 etiam
871 2437 1072 2493 angulum
1105 2437 1146 2479 A
1181 2436 1224 2485 Q
1252 2436 1306 2486 T,
1335 2435 1486 2477 dantur
1517 2442 1600 2475 tres
1629 2434 1771 2491 anguli
1797 2435 1994 2492 trianguli

290 2506 335 2555 Q
356 2507 396 2548 A
418 2506 472 2557 T,
503 2522 556 2548 ex
580 2508 729 2564 quibus
756 2508 878 2549 datur
909 2507 1014 2549 ratio
1042 2506 1219 2549 laterum
1252 2507 1360 2547 inter
1389 2521 1445 2547 se.
1507 2505 1624 2547 Hinc
1655 2504 1750 2547 data
1782 2506 1927 2548 sideris
1958 2507 1995 2549 P

292 2578 491 2633 parallaxi
510 2579 768 2630 horizontali‚
790 2581 825 2621 si
845 2579 1043 2621 inferatur
1063 2588 1110 2622 ut
1129 2580 1242 2621 sinus
1262 2579 1520 2634 parallaxeos
1540 2578 1595 2619 ad
1615 2579 1750 2619 sinum
1770 2587 1914 2630 totum,
1937 2578 1995 2622 ita

291 2651 589 2693 semidiameter
608 2652 766 2694 telluris
788 2652 892 2695 AT
911 2652 965 2693 ad
985 2660 1178 2708 quartum
1198 2652 1450 2696 obtinebitur
1470 2651 1665 2693 distantia
1688 2652 1723 2694 P
1744 2652 1786 2694 T
1805 2651 1950 2695 sideris
1969 2666 1996 2694 a

293 2730 432 2764 centro
452 2732 575 2765 terrae
595 2724 650 2766 ob
670 2724 869 2781 angulum
891 2724 993 2766 TA
1016 2725 1052 2766 P
1072 2733 1243 2766 rectum.
1838 2778 1840 2780 v

350 2800 416 2837 32.
452 2796 573 2838 Sinus
603 2797 870 2852 parallaxeon
900 2796 1082 2838 siderum
1114 2797 1158 2846 Q
1187 2805 1228 2839 et
1258 2813 1285 2854 q
1312 2799 1355 2838 in
1384 2797 1612 2854 aequalibus
1640 2796 1844 2838 distantiis
1871 2810 1998 2851 appa·
2028 2807 2037 2816 ¹

294 2865 477 2906 rentibus
506 2882 531 2907 a
558 2868 727 2919 vertice,
756 2876 853 2909 sunt
871 2868 915 2909 in
937 2868 1097 2909 ratione
1117 2869 1332 2923 reciproca
1354 2869 1641 2910 distantiarum
1661 2868 1839 2909 siderum
1859 2883 1884 2909 a
1903 2882 2000 2909 cen-

294 2942 358 2978 tro
378 2946 511 2978 terrae.
574 2938 741 2981 Etenim
761 2947 807 2981 ut
827 2939 941 2982 sinus
961 2939 1220 2994 parallaxeos
1243 2940 1283 2980 A
1305 2939 1348 2989 Q
1370 2940 1423 2991 T,
1446 2940 1498 2981 ad
1520 2940 1654 2998 sinum
1675 2937 1817 2995 anguli
1838 2937 1872 2979 Z
1889 2937 1929 2979 A
1945 2937 1999 2989 V,

297 3008 351 3052 ita
381 3017 443 3050 est
474 3009 514 3050 A
536 3009 577 3051 T
605 3010 658 3051 ad
690 3011 733 3060 Q
764 3011 805 3053 T
833 3018 874 3054 et
904 3019 951 3052 ut
981 3011 1092 3053 sinus
1123 3007 1264 3067 anguli
1294 3010 1326 3052 Z
1350 3012 1389 3052 A
1412 3011 1464 3062 V,
1499 3010 1551 3052 ad
1582 3009 1716 3051 sinum
1745 3007 2002 3064 parallaxeos
