2092 3470
0 1912 21 1986 411⁷·-
0 1894 4 1898 ·
0 1821 19 1862 ut
0 1782 2 1787 ·

14 2232 18 2247 -,
19 2214 22 2218 ,
0 2197 14 2208 »“
0 1988 23 2186 ’ΤῩΞΤὩΨἚῈ

2 2731 3 2734 ⁴
0 2470 24 2698 FTCJSWsY.

16 3450 40 3470 Ξ
16 3416 30 3441 *a
12 3246 34 3394 *wa-“fq-„ft
22 3207 30 3229 „-

160 273 307 339 Lmnn
324 273 559 324 Tem-ma]
602 241 922 313 I3R1NCIP1A
953 269 1443 312 MATHEMATICA.
1798 233 1851 313 3³?

159 397 285 430 untur
303 388 367 430 vel
387 394 588 443 augentur
605 385 650 426 in
669 383 876 440 duplicata
907 384 1090 426 ratione:
1121 382 1307 438 pondera
1326 383 1546 438 aequah'um
1567 398 1788 440 corporum
1808 383 1853 424 in

163 461 313 511 Solem,
335 461 494 509 Jovem,
519 459 743 501 Saturnum
763 472 811 498 ac
831 456 1008 498 Terram
1027 456 1070 496 in
1090 453 1291 496 distantiis
1315 458 1466 502 10000‚
1485 459 1581 504 997,
1600 460 1694 505 791,
1709 463 1751 496 et
1769 460 1849 496 109

161 532 214 573 ab
233 533 375 572 eorum
396 529 558 579 centris,
590 536 713 584 atque
741 526 836 568 ideo
855 526 898 567 in
919 540 1063 568 eorum
1083 524 1392 580 superficiebus,
1425 522 1468 578 (¹)
1489 534 1611 564 erunt
1630 534 1676 565 ut
1699 531 1853 575 10000,

163 610 258 654 943,
282 608 376 652 529,
399 611 441 643 et
459 607 541 643 435
563 599 799 655 respective.
850 599 1017 648 Quanta
1032 599 1114 640 sint
1130 597 1319 652 pondera
1333 610 1555 651 corporum
1573 596 1618 637 in
1638 597 1856 651 superficie

162 668 309 723 Lixnae,
327 673 492 714 'dicetur
510 671 554 712 in
574 670 849 726 sequentibus.

222 746 351 787 Corol.
373 749 412 784 2.
443 742 669 785 Innotescit
688 741 811 782 etiam
830 740 1034 796 quantitas
1053 738 1236 780 materiae
1255 738 1300 778 in
1318 737 1494 793 planetis
1516 735 1700 793 singulis.
1747 735 1858 777 Nam

164 814 408 871 quantitates
428 812 611 853 materiae
630 812 673 851 in
691 810 867 866 planetis
887 818 983 850 sunt
1002 817 1049 850 ut
1067 822 1212 850 eorum
1226 807 1332 848 vires
1351 807 1395 847 in
1410 806 1638 862 aequalibus
1654 805 1857 847 distantiis

164 886 217 927 ab
236 898 380 926 eorum
400 882 563 932 centris,
585 882 629 923 id
648 889 722 931 est,
743 881 787 921 in
810 879 918 930 Sole,
941 880 1058 929 Jove,
1083 879 1262 921 Saturno
1282 892 1331 919 ac
1352 876 1485 919 Terra
1506 884 1602 918 sunt
1620 884 1667 918 ut
1685 882 1722 926 l,
1744 878 1857 933 seim,

167 960 281 1012 5335,
304 962 345 995 et
362 954 520 1009 Testes
540 951 774 1005 respective.

839 949 884 992 Si
902 948 1122 1004 parallaxis
1144 947 1250 990 Solis
1271 955 1473 988 statuatur
1491 947 1623 1008 major
1641 945 1707 987 vel
1725 946 1861 987 minor

165 1026 289 1083 quam
312 1027 398 1067 10'‘.
422 1024 522 1073 30⁰¹,
547 1021 596 1077 (¹)
613 1021 781 1064 debebit
799 1020 1004 1077 quantitas
1023 1018 1207 1061 materiae
1226 1018 1271 1059 in
1286 1016 1420 1059 Terra
1441 1016 1584 1074 augeri
1602 1016 1668 1058 vel
1687 1015 1861 1058 diminui

164 1098 210 1139 in
227 1094 428 1152 triplicata
446 1093 618 1135 ratione.

166 1241 214 1278 lia,
236 1241 362 1314 ζιοοὲεα,
382 1242 471 1276 1928,
493 1238 535 1270 ad
554 1242 607 1277 21,
628 1237 691 1270 sive
704 1244 742 1270 ut
756 1241 861 1270 10000
874 1237 915 1268 ad
931 1240 992 1269 109

166 1292 288 1324 proxim
307 1305 316 1313 .

209 1335 250 1378 (¹)
277 1338 296 1356 ¹⁸
324 1336 431 1366 Erunt
457 1339 495 1365 at
504 1348 517 1370 ,-
555 1335 574 1354 *
601 1335 646 1366 Ut
668 1333 806 1364 insistere
829 1340 995 1372 pergamus

167 1379 195 1409 ei
216 1378 332 1418 analysi
352 1376 415 1417 qua
437 1377 609 1406 Newmnus
623 1386 698 1407 usus
712 1385 776 1406 ease
790 1374 920 1410 videtur,
942 1383 989 1403 as-

166 1421 297 1459 sumptis
309 1419 452 1450 omnibus
467 1425 502 1448 ut
516 1420 548 1448 in
564 1426 635 1450 nota
650 1422 700 1449 68.

212 1464 358 1503 Tangeris
377 1460 607 1491 serui-diametri
629 1459 800 1500 apparentis
816 1457 894 1489 Solis
908 1456 990 1488 dim.

168 1511 220 1537 tur
232 1516 256 1541 s,
272 1503 359 1534 radio
375 1504 522 1533 existente
543 1506 571 1532 1.

214 1548 308 1578 Sinus
325 1546 513 1585 parallaxeos
529 1545 609 1575 Solis
629 1546 713 1586 (quae
727 1549 773 1574 ost
786 1541 992 1573 semi-diame-

169 1596 216 1621 ter
229 1589 364 1628 primarii
381 1587 408 1618 P
423 1597 440 1617 e
458 1587 529 1616 Sole
544 1587 613 1626 visi)
629 1588 748 1617 dicatur
761 1596 792 1624 p.

213 1632 295 1662 Vera
309 1629 549 1660 semi-diameter
563 1629 696 1668 primarii
712 1627 831 1658 dicatur
844 1626 876 1657 d.

214 1674 286 1704 Erit
304 1682 342 1703 ex
361 1669 472 1702 natura
489 1670 682 1711 parallaxeon
702 1680 723 1710 p
737 1670 777 1700 ad
794 1673 807 1699 1
826 1670 906 1699 sicut
919 1667 941 1697 d
954 1666 995 1697 ad

174 1717 202 1748 P
218 1717 240 1748 S
260 1724 330 1757 quae
346 1712 503 1745 dicebatur
517 1725 544 1752 z,
566 1723 696 1755 quaeque
710 1712 780 1743 ideo
794 1708 924 1742 dicenda
937 1708 996 1740 erit

178 1759 199 1790 d

174 1803 226 1852 ῖς.

217 1862 438 1912 rhime-im
464 1880 479 1909 1
507 1849 997 1941 adqffimntiazsivegad

173 1972 451 2007 semi-dimetrum
460 1982 561 2003 veram
573 1970 652 2005 sous
660 1983 730 2013 «με
744 1972 801 2003 erit
811 1946 869 2000 ⁵-‘-¹.

221 2045 342 2075 Rursus
354 2040 517 2080 parallaxis
530 2041 668 2072 satellitis
683 2041 711 2071 L
725 2008 845 2071 dicatae
857 2050 887 2080 q-

218 2085 270 2117 Ex
294 2082 404 2115 natura
423 2083 615 2122 paranaxefin
640 2083 698 2114 erit
717 2094 738 2123 q
758 2083 799 2113 ad
825 2087 836 2112 1
860 2088 896 2112 ut
917 2081 938 2112 d
959 2080 999 2112 ad

178 2155 208 2187 P
222 2155 262 2191 L,
277 2163 347 2194 quae
362 2151 431 2182 ideo
445 2150 502 2182 erit
513 2170 547 2177 —
576 2157 608 2181 et
626 2161 773 2181 numerus
791 2149 996 2180 semi-diame-

176 2230 294 2255 trorum
308 2220 443 2261 primarii
457 2211 485 2251 15
495 2220 529 2250 in
543 2229 579 2250 ea
593 2218 674 2249 linea
690 2218 718 2249 P
728 2218 757 2248 L
771 2222 934 2248 contentus
943 2215 1000 2246 erit

187 2270 244 2329 -¹—‚
264 2296 295 2322 et
315 2289 388 2321 cum
409 2287 532 2330 singula
545 2287 784 2319 semi-diameter
798 2296 815 2316 e
833 2283 903 2316 Sole
916 2288 1001 2324 spee-

192 2327 212 2358 ‘1

179 2365 249 2394 tata,
265 2358 403 2390 videatur
416 2359 473 2388 sub
488 2356 604 2397 angulo
619 2355 708 2397 cujus
718 2355 803 2384 sinus
813 2361 858 2384 est
868 2364 898 2392 p,
910 2357 1001 2392 prop'·

180 2409 226 2433 ter
244 2402 372 2432 istorum
394 2401 522 2431 sinuum
537 2399 726 2437 parvitatem,
742 2397 847 2436 anguli
864 2401 954 2426 eruut
969 2400 1005 2425 ut

180 2443 274 2481 sinus,
301 2451 333 2475 et
357 2444 442 2474 sinus
471 2442 673 2482 elongationis
701 2439 923 2470 heliocentricae
950 2438 1004 2478 qui

181 2485 337 2517 dicebatur
356 2497 374 2517 e
394 2484 562 2516 continebit
581 2483 683 2513 sinum
703 2493 724 2522 p
746 2491 876 2512 numero
891 2481 1004 2510 vicium

181 2555 234 2596 qui
249 2556 309 2586 dici
323 2541 433 2595 poterit
449 2530 485 2576 —l-
508 2551 638 2594 ideoque
649 2552 707 2582 erit
717 2561 735 2581 e
749 2563 793 2580 =
816 2534 866 2579 L

228 2623 260 2654 Si
283 2622 385 2654 autem
409 2591 544 2662 fingqatur
560 2632 671 2661 eorpus
692 2620 724 2650 in
750 2617 828 2650 Solis
849 2617 1007 2657 superficie

183 2664 326 2706 positum,
342 2663 424 2706 quod
439 2664 540 2705 itaque
554 2667 592 2695 ab
606 2664 672 2705 ejus
686 2669 791 2693 centro
805 2659 895 2691 distet
909 2669 1006 2700 quan-

183 2733 270 2765 titate
295 2724 406 2774 aiquali
429 2732 496 2772 ejus
519 2742 599 2763 verae
620 2730 859 2763 semi-diametro
884 2702 940 2765 §.d-²
962 2727 1008 2757 vis

188 2802 266 2833 Solis
280 2803 313 2832 in
327 2801 360 2832 id
368 2811 488 2840 corpus,
498 2800 554 2831 erit
565 2801 605 2832 ad
615 2799 677 2830 vim
691 2798 759 2830 Pin
770 2807 880 2836 corpus
891 2766 1008 2836 ssquale

185 2843 226 2876 nd
250 2844 389 2875 eamdem
412 2843 585 2873 distantiam
606 2853 625 2872 a
645 2849 750 2872 centro
777 2841 844 2881 ejus
871 2837 1008 2878 primarii

186 2911 279 2951 positi
298 2917 334 2943 ut
358 2915 372 2942 1
397 2887 669 2968 αόο-ῖ-ὶῖεΞΧῖ-ιό
694 2918 750 2949 per
773 2913 837 2938 not.
865 2911 915 2938 68.
948 2905 1010 2935 sive

188 3005 402 3036 substitutione
426 3005 507 3037 sacta
516 2981 560 3053 {L}
575 3003 643 3033 loco
658 3013 676 3032 e
686 3004 710 3039 ³,
732 3009 769 3032 ut
781 2978 882 3059 ’ἔξ-ΡΞ
904 3005 937 3039 χ
954 2980 1007 3057 Σ-Σ.

233 3073 295 3105 Sed
308 3074 374 3106 haec
388 3074 433 3105 vis
446 3072 582 3114 primarii
597 3072 630 3102 in
643 3070 676 3102 id
690 3080 810 3110 corpus,
826 3070 884 3100 erit
897 3069 937 3099 ad
950 3069 1013 3098 vim

1033 1236 1172 1277 ejusdem
1185 1234 1320 1275 corporis
1336 1234 1367 1264 in
1383 1231 1543 1272 superficie
1556 1231 1693 1271 primarii
1709 1232 1799 1271 positi
1814 1221 1863 1263 in-

1035 1278 1120 1309 verse
1142 1284 1177 1308 ut
1198 1276 1346 1318 quadrata
1365 1275 1588 1311 distantiarum,
1611 1274 1674 1304 sive
1694 1272 1813 1305 inverse
1828 1283 1864 1306 νζ

1035 1321 1183 1361 quadrata
1196 1320 1416 1349 diametrorum
1431 1327 1572 1348 verarum
1585 1316 1665 1347 Solis
1674 1323 1707 1346 et
1715 1316 1862 1355 primarii,

1199 1363 1250 1400 p‘²
1355 1364 1367 1392 1
1413 1387 1420 1393 ,
1489 1359 1586 1398 a³p³
1648 1364 1688 1388 tt
1748 1359 1863 1398 a³ps²

1173 1416 1214 1444 ⁵2
1229 1388 1586 1452 d2add—3sicutb3q3
1600 1389 1693 1442 Χπ
1754 1403 1863 1441 b—³
1811 1412 1855 1451 q³

1087 1465 1099 1487 t
1114 1462 1128 1486 t

1037 1489 1070 1523 χ
1084 1499 1128 1541 ᾖ
1148 1492 1219 1523 quae
1239 1481 1392 1522 quantitas
1412 1478 1562 1518 exprimet
1583 1480 1645 1509 vim
1669 1475 1807 1518 primarii
1827 1478 1863 1509 in

1032 1391 1095 1421 sive
1104 1388 1162 1419 erit

1035 1561 1146 1591 corpus
1161 1551 1193 1580 in
1207 1549 1263 1579 sua
1282 1547 1442 1588 superficie
1463 1547 1610 1585 positum,
1633 1538 1710 1577 dum
1724 1546 1770 1576 vis
1787 1545 1866 1577 Solis

1035 1594 1069 1623 iu
1084 1603 1195 1631 corpus
1205 1593 1323 1632 aequale
1338 1592 1371 1621 in
1382 1589 1441 1621 sua
1455 1590 1613 1628 superficie
1624 1589 1716 1619 etiam
1731 1588 1867 1628 positum

1036 1661 1094 1692 erit
1111 1664 1146 1691 1:
1164 1670 1235 1701 quae
1248 1659 1402 1701 quantitas
1419 1633 1549 1724 ἓ-ῗὲ
1567 1661 1602 1695 χ
1627 1637 1672 1714 Ξ-ῖ
1692 1655 1739 1687 'est
1762 1665 1866 1696 nqua-

1298 1728 1410 1766 a³p³
1514 1732 1556 1757 tt
1751 1750 1760 1758 .
1833 1749 1843 1758 .

1298 1781 1411 1820 b³q³
1442 1757 1476 1791 χ
1518 1770 1560 1810 n
1609 1754 1694 1794 (quae
1730 1761 1794 1781 vim
1832 1758 1867 1781 m

1806 1820 1854 1858 ΡΖ

1040 1849 1207 1891 aequalibus
1231 1846 1383 1879 distantiis
1411 1845 1568 1887 exprimit)
1594 1844 1700 1876 divisae
1724 1855 1779 1885 per
1804 1861 1865 1900 ῖς.

1035 1755 1074 1787 lis
1100 1754 1263 1796 quantitati

1045 1919 1102 1948 Sed
1124 1920 1164 1948 ob
1186 1915 1391 1957 aequalitatem
1412 1925 1574 1954 corporum
1594 1914 1672 1944 vires
1689 1913 1722 1943 in
1741 1915 1869 1952 corpora

1042 1969 1114 1989 sunt
1136 1967 1169 1989 ut
1192 1959 1327 1998 pondera
1348 1968 1530 1997 eorporum3
1553 1957 1626 1987 hinc
1646 1967 1719 1997 ergo
1740 1957 1868 1985 habetur

1042 2002 1117 2031 ratio
1134 2001 1274 2039 ponderis
1288 2011 1451 2039 corporum
1467 1999 1632 2040 aequalium
1646 1999 1679 2028 in
1693 1997 1869 2037 superficie*-

1042 2046 1099 2075 bus
1116 2044 1202 2081 Solis,
1219 2043 1316 2080 Jovis,
1335 2043 1458 2074 Saturni
1472 2053 1507 2072 ac
1523 2043 1635 2071 Terrae.

1061 2089 1067 2094 ¹
1087 2087 1193 2122 Quare
1214 2086 1239 2116 si
1261 2085 1452 2126 logarithmis
1465 2091 1608 2121 utamur;
1631 2093 1668 2112 ex
1683 2075 1868 2124 logar'ith'mo'

1042 2140 1063 2169 p
1078 2129 1204 2160 tollatur
1217 2128 1418 2168 logarithmus
1429 2138 1453 2163 s,
1465 2133 1496 2157 et
1505 2125 1619 2157 residui
1633 2123 1764 2164 duplum
1779 2119 1868 2154 tolla}-

1043 2178 1094 2202 tur
1116 2177 1153 2201 ex
1174 2171 1358 2210 logarithmo
1379 2169 1500 2199 numeri
1524 2167 1579 2208 qui
1597 2164 1784 2206 exprimebat
1803 2165 1868 2195 vim

1042 2213 1177 2253 primarii
1200 2213 1232 2242 in
1257 2211 1425 2252 aequalibus
1447 2210 1606 2245 distantiis,
1630 2208 1788 2239 residuum
1810 2206 1868 2238 erit

1044 2255 1245 2296 legarithmus
1254 2254 1300 2284 vis
1312 2253 1449 2293 primarii
1458 2253 1492 2282 in
1502 2261 1630 2291 corpora
1642 2251 1676 2282 in
1687 2250 1867 2292 ejussuper-

1042 2298 1111 2328 ficie
1126 2297 1231 2336 posita.

1088 2339 1235 2371 Calculus
1255 2338 1311 2368 iste
1331 2343 1471 2376 respectu
1494 2336 1597 2367 Terrae
1620 2333 1780 2366 commode
1801 2332 1868 2363 fieri

1045 2389 1153 2421 potest,
1185 2381 1259 2422 quia
1286 2380 1377 2411 datur
1404 2390 1442 2409 ex
1471 2378 1680 2410 observatione
1707 2374 1868 2416 paranaxin

1018 2439 1024 2447 ’ν
1049 2424 1128 2455 Solis
1150 2434 1180 2463 p,
1207 2429 1238 2454 et
1262 2432 1411 2462 apparens
1435 2421 1515 2452 Solis
1536 2420 1790 2451 semi-diameter:
1833 2416 1870 2449 in

1046 2467 1125 2499 Jove
1145 2473 1176 2496 et
1197 2466 1330 2496 Saturno
1350 2463 1509 2503 paranaxis
1530 2463 1666 2502 ipsorum
1685 2467 1730 2492 aet
1742 2458 1869 2500 aequ'alia

1047 2519 1154 2540 eorum
1165 2508 1404 2538 semi-diametro
1414 2504 1571 2545 apparenti
1584 2505 1617 2534 in
1628 2502 1772 2533 mediocri
1786 2502 1869 2541 ipw-

1047 2562 1118 2582 rum
1132 2549 1285 2586 distantia,
1302 2556 1332 2579 et
1345 2548 1583 2579 semi-diameter
1592 2555 1738 2585 apparens
1748 2542 1870 2574 Solisin

1048 2594 1122 2632 ipsis
1135 2600 1180 2623 est
1194 2592 1232 2623 ad
1248 2591 1521 2622 semi-diametrum
1535 2589 1613 2620 Solis
1627 2592 1822 2626 apparentem
1834 2585 1871 2616 in

1051 2636 1157 2672 Terra,
1164 2633 1281 2665 inverse
1291 2640 1326 2664 ut
1333 2633 1484 2663 distantiae
1493 2641 1599 2662 eorum
1609 2636 1640 2660 et
1650 2630 1753 2661 Ten-12
1763 2639 1782 2658 a
1789 2627 1872 2664 Sole,

1092 2677 1139 2720 (Κ)
1157 2679 1277 2709 Debebie
1293 2677 1446 2716 quantitas
1459 2676 1590 2705 ntaceriae
1604 2674 1637 2703 in
1658 2669 1751 2702 Τεντᾶ
1764 2667 1871 2711 auge'n‘

1049 2723 1094 2753 vel
1122 2722 1253 2751 diminui
1281 2721 1314 2750 in
1342 2714 1492 2758 triplicat&
1519 2712 1711 2755 pamllaxeon
1742 2714 1866 2745 ratim.

1050 2766 1068 2785 ’θ
1087 2763 1170 2795 Nam
1185 2761 1258 2792 cum
1271 2761 1455 2802 quantitates
1467 2758 1600 2789 materiae
1614 2756 1647 2786 iu
1661 2754 1790 2795 planetis
1807 2755 1872 2785 ain.

1050 2805 1141 2845 gulis²
1158 2805 1220 2835 sint
1230 2810 1266 2834 ut
1276 2812 1384 2834 eorum
1394 2802 1472 2832 vires
1481 2801 1514 2830 in
1525 2798 1691 2840 aequalibus
1701 2796 1871 2836 distantiis5

1050 2847 1203 2888 quantitas
1227 2844 1360 2876 materiae
1383 2846 1417 2874 in
1447 2843 1517 2873 Sole
1539 2847 1585 2872 est
1607 2839 1648 2872 ad
1669 2838 1871 2882 quantitatem

1052 2916 1186 2946 materiae
1201 2916 1232 2944 in
1250 2912 1346 2944 Terra
1359 2918 1396 2942 ut
1411 2915 1424 2942 1
1440 2910 1479 2941 ad
1489 2883 1644 2976 ξιξ-ᾳΡ-Ῑχ
1659 2889 1716 2966 -ἷ-Ξ,
1729 2913 1874 2938 manente

1053 2994 1127 3024 ergo
1141 2983 1257 3012 ratione
1277 2992 1296 3010 a
1316 2980 1356 3011 ad
1377 2981 1397 3009 b
1417 2972 1628 3015 distantiarum
1643 2986 1753 3016 n-pe
1769 2975 1874 3007 Terrae

1054 3034 1085 3056 et
1103 3025 1231 3055 Veneris
1244 3034 1264 3054 a
1280 3022 1359 3058 Sole,
1371 3021 1566 3052 manentibus
1575 3018 1762 3059 temporibus
1775 3016 1875 3056 perio-

1054 3068 1131 3098 dicis
1143 3065 1272 3097 Veneris
1286 3071 1317 3095 et
1331 3064 1432 3095 Lunae
1447 3070 1461 3094 t
1474 3069 1505 3095 et
1518 3065 1542 3101 d,
1558 3068 1589 3093 et
1602 3061 1672 3093 sinu
1688 3059 1875 3101 parallaxeos
