2092 3470
500 259 753 304 FLUXUS
783 260 864 303 AC
895 260 1233 304 REFLUXUS
1265 261 1476 305 MARIs.
1758 270 1841 309 257

134 371 377 427 paradoxon
410 372 610 423 videatur,
646 371 758 429 quod
792 374 854 415 vis
889 372 1024 415 Lunae
1056 373 1101 414 in
1133 372 1264 427 priori
1293 388 1392 416 casu
1419 382 1612 430 respectu
1640 376 1701 418 vis
1732 377 1839 418 Solis

136 448 365 496 evanescat,
383 443 483 488 clim
501 453 639 489 tamen
657 446 803 488 eadem
822 461 920 487 casu
948 445 1168 501 posteriori
1197 445 1373 487 multum
1403 447 1576 489 excedat
1603 447 1687 488 vim
1710 448 1836 491 Solis.

136 517 220 561 Sed
247 532 360 570 mOX,
389 517 488 560 clim
515 519 685 561 effectus
714 519 927 575 utriusque
953 518 1116 576 generis
1144 517 1384 574 diligentius
1399 519 1651 561 evolvemus-
1673 528 1716 562 et
1741 534 1838 576 per-

131 589 373 645 pendemus,
396 590 492 632 satis
513 589 692 632 dilucide
711 590 880 645 patebit,
903 603 974 631 eos
1001 589 1110 631 inter
1130 602 1174 630 se
1192 587 1372 629 maxime
1391 588 1638 644 discrepare,
1670 599 1794 647 atque
1813 606 1838 633 a

130 662 183 712 vi,
206 675 300 718 quae
319 664 363 704 in
382 665 617 705 universam
638 663 814 705 Terram
836 663 1053 704 minirnum
1072 669 1215 706 exerat
1224 661 1436 713 effectum,
1458 664 1682 706 maximam
1697 674 1837 707 tamen

129 733 395 790 agitationem
414 733 595 789 partium
615 734 762 775 Terrae
781 734 889 776 inter
905 749 952 776 se
971 733 1072 774 oriri
1094 747 1217 788 posse
1232 740 1278 775 et
1297 732 1490 775 vicissim.

186 809 218 858 §.
241 809 306 849 17.
338 805 409 847 Ad
428 805 546 846 illum
564 813 699 847 autem
722 805 871 847 harum
890 805 1038 847 virium
1057 804 1263 855 effectum,
1284 804 1361 861 qui
1378 804 1424 849 in
1440 804 1720 847 commotione
1739 819 1835 860 par-

129 876 233 918 tium
263 877 409 919 Terrae
437 878 546 920 inter
575 890 620 920 se
649 878 846 929 consistit,
878 878 1202 934 dijudicandum,
1235 885 1331 920 ante
1367 879 1506 920 omnia
1535 878 1667 934 probe
1701 879 1836 920 notari

130 958 308 1005 oportet,
340 951 375 991 si
404 951 579 1007 singulae
610 950 756 993 Terrae
782 959 922 1007 partes
950 951 1106 994 viribus
1136 952 1365 1009 aequalibus
1394 961 1437 995 et
1466 953 1512 994 in
1539 951 1835 995 dilectionibus
1872 949 1879 955 ⁶

128 1022 242 1063 inter
260 1037 304 1064 se
323 1021 530 1077 parallelis
549 1022 832 1075 sollicitentur,
847 1038 898 1067 eo
917 1038 1014 1066 casu
1033 1024 1193 1067 nullam
1212 1027 1382 1068 omnino
1402 1026 1720 1068 commotionem
1740 1039 1835 1080 par-

127 1094 232 1136 tium
255 1095 370 1148 oriri,
389 1096 548 1139 etiamsi
568 1098 651 1139 sint
668 1097 848 1139 maxime
867 1098 1007 1139 fluidae
1025 1098 1224 1155 nulloque
1241 1098 1410 1140 vinculo
1428 1099 1603 1140 invicem
1621 1112 1835 1147 connexae,

127 1166 201 1210 sed
222 1175 357 1210 totum
386 1169 537 1212 virium
565 1169 757 1211 effectum
786 1170 831 1211 in
860 1170 1023 1227 integro
1043 1178 1203 1212 tantum
1223 1185 1399 1226 corpore
1418 1170 1625 1212 movendo
1644 1184 1834 1211 eonsum-

126 1247 215 1281 tum
234 1239 287 1280 iri
297 1255 310 1289 3
339 1239 512 1295 perinde
532 1255 580 1282 ac
600 1241 634 1282 si
653 1249 786 1282 totum
807 1241 953 1283 Terrae
973 1256 1123 1297 corpus
1143 1243 1207 1284 vel
1227 1243 1270 1284 in
1291 1243 1414 1284 unico
1433 1250 1591 1298 puncto
1610 1249 1718 1284 esset
1733 1257 1836 1284 con-

129 1313 284 1363 flatum,
317 1313 384 1354 vel
414 1328 468 1355 ex
494 1313 667 1355 materia
698 1313 933 1356 firmissime
962 1314 1069 1357 inter
1099 1330 1143 1357 se
1172 1315 1359 1357 connexa
1380 1322 1600 1357 constaret.
1662 1315 1731 1357 Ex
1750 1330 1835 1371 quo

130 1385 394 1426 manifestum
422 1393 485 1427 est
512 1394 652 1441 partes
674 1386 822 1428 Terrae
843 1386 987 1428 saltem
1006 1387 1167 1438 fluidas,
1200 1403 1294 1444 quae
1321 1387 1478 1430 viribus
1499 1388 1648 1430 cedere
1665 1395 1834 1444 queant,

126 1458 233 1500 inter
268 1474 312 1500 se
344 1460 597 1502 commoveri
629 1474 715 1502 non
746 1475 880 1516 posse,
917 1461 997 1503 nisi
1031 1477 1056 1503 a
1089 1462 1245 1503 viribus
1279 1460 1547 1503 dissimilibus
1580 1469 1833 1520 urgeantur:

127 1538 251 1586 atque
279 1531 388 1573 hanc
416 1532 472 1573 ob
501 1547 589 1574 rem
614 1547 702 1574 non
723 1534 967 1591 magnitudo
986 1534 1135 1576 virium
1163 1543 1303 1591 partes
1332 1534 1377 1577 T
1377 1549 1482 1576 errae
1510 1534 1833 1585 sollicitantium,

126 1601 201 1643 sed
219 1601 358 1657 potius
379 1602 683 1654 dissimilitudo,
705 1603 785 1660 qua
804 1603 901 1646 cum
922 1605 1158 1661 quantitatis
1185 1604 1275 1648 tum
1294 1605 1529 1647 directionis
1547 1605 1708 1647 ratione
1726 1605 1836 1647 inter

127 1689 170 1715 se
190 1674 438 1730 discrepant,
459 1689 554 1717 eum
574 1675 778 1727 effectum,
811 1692 893 1734 quo
913 1678 1013 1719 situs
1033 1678 1213 1733 partium
1234 1687 1400 1721 mutuus
1428 1679 1706 1734 perturbetur,
1735 1694 1835 1734 pro-

124 1745 250 1788 ducit.
313 1747 379 1788 Ita
412 1747 473 1789 vis
509 1748 629 1799 Solis,
663 1748 740 1790 etsi
773 1757 837 1791 est
870 1749 1064 1801 maxima,
1100 1758 1239 1792 tamen
1270 1751 1328 1793 ob
1358 1742 1834 1808 insignem*dismntiam

121 1825 260 1873 partes
282 1818 429 1860 Terrae
448 1818 534 1860 fere
554 1819 768 1876 aequaliter
787 1820 924 1871 afficit,
947 1819 1092 1864 contra
1110 1821 1210 1862 vero
1230 1821 1291 1863 vis
1313 1822 1448 1863 Lunae
1468 1822 1523 1863 ob
1548 1822 1834 1879 propinquita-

124 1898 209 1932 tem
225 1887 454 1932 admodum
475 1890 758 1947 inaequaliter:
789 1891 899 1933 unde
920 1907 945 1935 a
966 1891 1087 1934 Luna
1107 1892 1240 1933 multo
1260 1893 1391 1948 major
1409 1893 1578 1949 agitatio
1598 1892 1742 1934 oceani
1769 1907 1834 1934 re-

125 1960 264 2011 sultat,
302 1958 426 2015 quam
457 1975 482 2001 a
515 1961 625 2011 Sole,
661 1962 846 2017 quamvis
871 1977 920 2003 ea
953 1963 1027 2013 vis,
1060 1978 1154 2019 quae
1183 1959 1253 2004 ad
1269 1963 1409 2005 Solem
1438 1963 1583 2013 tendit,
1617 1963 1834 2020 insigniter

123 2034 255 2089 major
281 2034 340 2075 sit
371 2032 500 2075 altera
534 2034 700 2075 Lunam
733 2034 990 2088 respiciente.
1063 2035 1206 2091 Atque
1244 2035 1329 2077 hoc
1367 2043 1492 2090 pacto
1530 2035 1703 2077 dubium
1735 2036 1831 2079 ante

123 2103 294 2144 allatum
325 2101 511 2144 funditus
546 2102 716 2153 tollitur,
751 2102 914 2159 hocque
947 2102 1083 2146 adhuc
1116 2103 1279 2159 planius
1317 2103 1405 2154 fiet,
1446 2104 1480 2145 si
1519 2103 1732 2159 utriusque
1770 2106 1830 2146 vis

123 2175 291 2218 effectus
312 2175 366 2217 ad
386 2175 589 2216 calculum
608 2175 904 2217 revocabimus.

179 2253 209 2303 §.
235 2255 301 2291 18.
333 2248 403 2290 Ad
437 2247 758 2304 inaequalitatem
789 2247 916 2305 igitur
946 2240 1094 2292 vii-‘ium
1125 2247 1274 2305 quibus
1304 2248 1480 2306 singulae
1511 2248 1660 2291 Terrae
1690 2257 1829 2305 partes

121 2320 188 2362 vel
220 2336 246 2362 a
278 2320 373 2362 Sole
404 2319 470 2361 vel
500 2335 526 2360 a
556 2319 678 2361 Luna
707 2318 991 2370 sollicitantur,
1022 2318 1315 2370 definiendam,
1346 2326 1442 2361 ante
1461 2319 1600 2361 omnia
1618 2319 1715 2370 vim,
1747 2320 1828 2377 quii

123 2391 312 2433 universa
333 2390 479 2441 Terra,
512 2389 546 2431 si
575 2390 619 2431 in
649 2404 723 2431 suo
752 2398 894 2432 centro
922 2390 1133 2448 gravitatis
1153 2398 1259 2432 esset
1279 2397 1554 2441 concentrata,
1582 2387 1825 2441 afficeretur,

122 2463 385 2506 determinari
405 2470 581 2520 oportet,
611 2464 784 2520 haecque
803 2471 865 2506 est
879 2478 934 2505 ea
953 2464 1041 2518 ipsa
1056 2463 1134 2515 vis,
1165 2477 1259 2519 quae
1281 2463 1428 2504 Terrae
1449 2471 1608 2505 motum
1634 2477 1827 2520 progres-

121 2535 253 2577 sivum
271 2536 318 2577 in
336 2551 409 2578 sua
428 2536 562 2578 orbita
581 2535 748 2593 respicit
768 2544 810 2578 et
828 2536 968 2578 turbat
977 2551 990 2586 3
1020 2535 1171 2579 deinde
1190 2535 1491 2592 dispiciendum
1515 2544 1588 2587 est,
1625 2534 1827 2591 quantum

122 2606 242 2657 vires,
274 2607 425 2662 quibus
459 2608 635 2666 singulae
667 2607 813 2649 Terrae
845 2615 984 2664 partes
1018 2615 1234 2666 urgentur,
1271 2606 1356 2649 tam
1394 2608 1553 2649 ratione
1587 2607 1824 2663 quantitatis

120 2678 245 2737 quam
265 2679 502 2722 directionis
521 2681 575 2722 ab
604 2680 674 2722 illa
693 2680 734 2722 vi
763 2680 879 2722 totali
899 2680 1146 2736 discrepent.
1207 2679 1336 2730 Quod
1356 2679 1391 2722 si
1411 2680 1522 2723 enim
1541 2678 1656 2721 nulla
1675 2679 1824 2736 depre-

118 2751 325 2793 hendatur
345 2748 588 2803 differentia,
618 2759 756 2808 partes
787 2766 952 2808 quoque
975 2752 1149 2809 singulte
1165 2751 1293 2793 situm
1321 2765 1445 2793 suum
1470 2749 1688 2792 relativam
1711 2751 1823 2794 :inter

120 2839 166 2866 se
199 2823 458 2873 retinebunt3
499 2831 544 2866 at
575 2824 658 2881 quo
691 2826 823 2881 major
857 2825 935 2866 erit
968 2824 1200 2867 differentia
1234 2824 1341 2866 inter
1374 2824 1481 2866 vires
1515 2823 1604 2866 illas
1636 2823 1820 2882 singulas

120 2903 257 2950 partes
274 2894 555 2946 sollicitantes,
577 2895 630 2937 eo
648 2898 778 2954 magis
799 2911 858 2938 eae
877 2896 985 2938 inter
1000 2912 1043 2938 se
1058 2896 1440 2946 commovebuntur,
1462 2895 1586 2938 situm
1606 2896 1820 2939 relativum

119 2969 422 3023 permutabunt.
484 2968 535 3009 In
562 2967 643 3011 hac
671 2978 808 3013 autem
842 2970 1169 3028 investigatione,
1206 2969 1327 3011 simul
1358 2970 1572 3026 gravitatis
1601 2970 1818 3021 natamus,

121 3038 202 3095 qua
231 3040 368 3083 omnia
393 3053 573 3095 corpora
600 3039 741 3090 versus
769 3050 957 3085 centrum
986 3041 1133 3084 Terrae
1163 3039 1350 3090 tendunt,
1387 3041 1491 3082 ratio
1519 3049 1580 3084 est
1601 3041 1795 3085 habenda
1807 3058 1819 3090 3

119 3111 211 3154 haec
246 3112 355 3154 enim
388 3112 450 3153 vis
482 3112 525 3153 in
558 3126 680 3153 causa
714 3121 786 3163 est,
823 3113 935 3169 quod
967 3113 1226 3169 quantumvis
1261 3112 1367 3154 vires
1404 3108 1509 3155 Solis
1539 3122 1580 3155 et
1611 3114 1744 3171 Lunae
1773 3113 1818 3152 in

935 3184 965 3215 T
978 3187 1000 3216 3
