2092 3470
305 225 366 256 xx
923 205 1366 249 INTRODUCTIO
1820 205 1950 258 [CAP-
1974 205 2010 248 Ι.

309 326 551 381 dicaturque
581 331 618 364 Π
644 337 667 364 r
694 339 722 363 π
745 322 904 379 primus
924 321 1189 372 meridianus,
1211 329 1252 362 et
1269 321 1351 362 loci
1370 319 1546 376 cujusvis
1567 318 1732 361 alterius
1752 332 1774 360 Ζ
1793 318 2010 382 longitudo

308 397 467 437 dicetur
496 393 715 451 aequatoris
744 407 863 434 arcus
884 407 906 433 r
925 407 962 433 ae
982 392 1090 433 inter
1108 390 1383 432 meridianum
1402 390 1585 446 primum
1612 397 1650 429 11
1668 403 1690 429 r
1708 405 1736 429 π
1757 395 1799 430 et
1818 388 2010 430 meridia·-

307 482 408 509 num
428 482 450 508 Ζ
470 481 506 507 ae
525 482 552 505 π
570 481 598 522 q
616 465 697 507 loci
717 480 738 506 Ζ
757 465 1008 519 interceptus
1028 461 1151 519 atque
1170 461 1223 503 ab
1243 476 1391 503 occasu
1411 461 1465 502 ad
1484 468 1621 501 ortum
1640 467 1893 501 numeratus.

365 544 432 580 22.
465 539 510 580 Si
538 553 614 594 per
643 535 997 595 trigonometriam
1026 540 1287 575 mensuretur
1317 531 1512 574 distantia
1540 545 1562 571 Ζ
1582 530 1597 571 l
1616 530 1795 571 duorum
1819 530 2008 572 locorum

307 625 330 652 Ζ
359 617 400 651 et
426 609 443 650 l
473 610 549 651 sub
569 609 715 651 eodem
743 607 974 649 meridiano
1004 606 1177 648 sitorum
1197 612 1238 646 et
1257 619 1338 660 ope
1358 603 1597 661 quadrantis
1627 601 1770 644 circuli
1790 616 1842 643 ex
1861 601 2008 643 iisdem

309 681 410 723 locis
440 681 708 723 observentur
737 679 941 722 distantiae
964 679 994 721 S
1019 678 1053 720 Z
1073 685 1114 720 et
1135 677 1165 719 S
1186 676 1240 726 V,
1263 675 1392 718 stellae
1411 675 1509 717 fixae
1531 675 1561 717 S
1581 690 1606 717 a
1630 673 1818 717 locorum
1844 673 2027 717 vertici-.

314 2153 390 2194 bus
424 2153 458 2194 Z
481 2160 520 2194 et
541 2152 594 2203 V,
618 2152 781 2195 dabitur
812 2153 966 2195 telluris
989 2152 1288 2194 semidiameter
1307 2167 1330 2194 Ζ
1351 2153 1404 2196 Τ.
1468 2152 1580 2195 Nam
1599 2153 1704 2195 datis
1723 2154 1900 2197 arcubus
1915 2155 1954 2198 ·S
1971 2154 2015 2198 V

318 2230 359 2263 et
383 2223 412 2264 S
435 2222 481 2272 Z,
504 2222 669 2263 dabitur
689 2236 834 2263 eorum
854 2221 1086 2264 differentia
1105 2222 1170 2263 vel
1191 2237 1352 2264 summa
1371 2222 1412 2263 V
1433 2222 1480 2273 Z,
1503 2230 1543 2264 et
1560 2221 1658 2264 hinc
1677 2223 1799 2265 datur
1819 2239 1938 2267 arcus
1956 2225 1974 2267 l
1990 2240 2014 2268 z

319 2293 389 2349 qui
409 2293 522 2334 arcui
543 2293 583 2334 V
605 2293 639 2334 Z
660 2293 801 2334 similis
831 2301 904 2335 est.
965 2293 1109 2343 Quare
1128 2309 1204 2350 per
1223 2294 1526 2336 observationes
1545 2296 1839 2337 astronomicas
1867 2304 2014 2339 notum

319 2365 397 2405 erit
425 2371 526 2420 quot
553 2364 707 2421 gradus
736 2365 801 2406 vel
829 2365 988 2406 minuta
1007 2365 1051 2406 in
1071 2380 1170 2406 arcu
1189 2365 1205 2406 1
1222 2380 1245 2406 Ζ
1265 2364 1562 2416 contineantur,
1595 2374 1637 2408 et
1663 2381 1738 2422 per
1761 2367 2013 2424 trigonome-

317 2435 444 2477 tricas
463 2449 676 2477 mensuras
707 2435 891 2490 ejusdem
920 2434 1041 2477 arcus
1069 2435 1287 2492 longitudo
1312 2435 1536 2491 hexapedis
1555 2437 1621 2478 vel
1639 2437 1814 2493 pedibus
1833 2446 1905 2481 aut
1923 2440 2012 2482 aliis
2084 2459 2085 2462 ¹

317 2506 519 2548 mensuris
539 2507 647 2548 notis
666 2506 762 2548 data
782 2508 872 2558 erit,
894 2515 936 2549 et
954 2506 1051 2549 ind&
1070 2507 1284 2550 inferendo
1297 2516 1344 2550 ut
1362 2523 1557 2551 numerus
1576 2510 1832 2553 minutorum
1850 2511 1894 2554 in
1911 2527 2012 2556 amu
2085 2563 2087 2566 .

315 2576 332 2617 1
352 2591 373 2616 Ζ
405 2583 692 2618 contentorum
722 2577 776 2618 ad
807 2583 911 2619 360⁰
935 2592 1008 2618 seu
1026 2577 1080 2619 ad
1100 2580 1264 2629 21600',
1285 2577 1343 2619 ita
1360 2578 1576 2636 longitudo
1594 2580 1611 2628 l
1629 2595 1652 2622 z
1671 2581 1876 2624 mensuris
1902 2583 2011 2626 notis
2075 2571 2082 2616 3

318 2662 515 2703 expressa
534 2649 588 2691 ad
607 2649 807 2691 circulum
826 2650 983 2693 telluris
1003 2651 1244 2703 maximum,
1264 2651 1429 2694 dabitur
1446 2651 1516 2696 hic
1535 2653 1711 2697 circulus
1727 2669 1780 2698 ex
1794 2669 1879 2712 quo
1895 2654 2012 2699 inve-
2074 2635 2081 2654 ⁷

317 2716 454 2759 nietur
472 2719 770 2763 semidiameter
789 2735 812 2762 z
832 2720 885 2763 T.
