2092 3470
113 208 116 210 -
154 237 300 279 met
321 236 559 287 Tannum]
619 233 939 276 PRINCIPIA
970 233 1460 282 MATHEMATICA.
1481 200 1485 203 ἡ
1507 244 1517 252 “
1798 247 1846 283 51

450 443 825 487 PROPOSITIO
856 444 1007 486 XVII.
1068 440 1428 487 THEOREMA
1460 446 1560 488 XV.

154 570 562 612 Planetarummotus
589 548 752 635 diurnos
780 543 991 621 uniformes
1019 582 1110 618 esse,
1141 575 1181 610 et
1208 569 1460 610 librationem
1489 568 1621 609 Lunoe
1650 584 1698 609 ex
1726 571 1850 623 ipsius

795 645 902 691 motu*
921 640 1065 680 diurno
1084 641 1201 680 oriri.

207 760 327 802 Patet
354 775 429 816 per
456 757 592 801 motfis
618 759 752 816 legem
787 764 823 801 1.
845 766 886 801 et
915 761 1054 802 Corol.
1077 766 1144 802 22.
1177 761 1304 817 Prop.
1328 762 1495 804 LXVI.
1517 761 1612 803 Lib.
1635 761 1669 802 Ι.
1728 761 1849 816 Jupi-

147 839 212 873 ter
238 833 381 888 utique
411 839 602 887 respectu
630 831 810 872 fixarum
838 832 1060 887 revolvitur
1087 833 1202 875 horis
1233 841 1272 877 9.
1294 838 1374 885 56’,
1404 835 1524 876 Mars
1544 833 1657 875 horis
1678 839 1746 875 24«.
1768 835 1848 876 39'.

149 903 291 944 Venus
319 903 433 944 horis
466 908 534 943 23.
564 901 737 951 circiter,
762 902 895 943 Terra
921 902 1034 944 horis
1065 909 1133 946 23.
1156 905 1236 954 56’,
1272 905 1343 947 Sol
1374 905 1519 946 diebus
1549 907 1631 956 25}
1660 912 1701 945 et
1727 904 1850 945 Luna

146 974 291 1015 diebus
311 978 379 1017 27.
403 978 442 1017 7.
462 972 554 1013 hor.
576 972 656 1013 43'.

719 972 829 1014 Haec
859 973 917 1014 ita
943 989 988 1015 se
1006 970 1173 1026 habere,
1205 990 1258 1016 ex
1283 975 1568 1030 phaenomenis
1588 974 1850 1017 manifestum

146 1054 219 1088 est.
260 1046 312 1100 (²¹)
336 1044 518 1087 Maculae
535 1043 581 1085 in
600 1056 773 1097 corpore
795 1043 902 1085 Solis
924 1045 978 1086 ad
997 1046 1175 1102 eundem
1196 1046 1320 1087 situm
1338 1047 1383 1088 in
1403 1046 1521 1088 disco
1545 1045 1652 1088 Solis
1673 1046 1849 1087 redeunt

188 1166 274 1202 Quia
293 1165 365 1197 vero
385 1165 542 1204 problema
565 1165 644 1195 illud
666 1164 813 1203 supponit
827 1165 898 1197 data
912 1177 977 1199 etse

142 1209 201 1240 tria
221 1208 432 1253 plapetaeloca
445 1208 587 1242 centrica,
611 1209 670 1238 hoc
684 1213 739 1243 est,
760 1217 797 1236 ex
815 1208 886 1239 Sole
901 1210 975 1246 visa,

143 1252 288 1291 datasque
310 1261 417 1281 eorum
434 1261 454 1280 a
475 1249 546 1280 Sole
563 1250 732 1285 distantias,
755 1250 805 1279 hic
825 1251 977 1292 adjunge-

141 1304 213 1324 mus
236 1292 416 1324 methodum
445 1291 506 1333 quii
530 1292 645 1323 clariss.
663 1291 811 1322 Halleius
836 1303 874 1322 ex
905 1294 977 1325 dato

143 1344 281 1374 tempore
311 1334 475 1374 periodico,
512 1334 645 1373 planetae
672 1334 779 1364 locum
806 1335 977 1366 centricum

142 1379 269 1419 ejusque
290 1388 309 1408 a
332 1377 404 1408 Sole
418 1377 580 1407 distantias
593 1377 730 1407 invenire
744 1376 861 1407 docuit.
911 1378 976 1408 Re-

142 1422 221 1451 ferat
237 1420 266 1452 T
277 1426 291 1451 t
305 1420 334 1450 A
349 1419 479 1450 orbitam
496 1419 639 1456 Telluris,
658 1419 680 1449 S
698 1418 814 1456 Solem,
830 1420 930 1462 sitque
947 1421 977 1452 P

149 2440 272 2479 planeta
290 2451 345 2472 seu
366 2441 470 2481 potius
490 2441 581 2472 locus
599 2442 734 2481 planetae
751 2439 791 2470 ad
811 2437 982 2477 eclipticam

149 2482 303 2521 reductus,
325 2483 388 2514 sive
406 2489 557 2523 punctum
580 2485 635 2514 ubi
660 2480 920 2522 perpendicularis
944 2488 982 2508 ex

149 2524 273 2563 planeta
301 2527 334 2556 in
363 2526 486 2564 planam
515 2526 667 2565 ecliptieae
696 2522 828 2555 demissa
860 2520 978 2552 incidit.

154 2567 293 2598 Ponatur
319 2568 427 2598 Tellus
454 2570 488 2598 in
515 2568 554 2604 T,
585 2569 823 2606 observeturque
851 2564 983 2603 planetae

150 2609 315 2648 longitudo
335 2608 537 2650 Igeocentrica,
558 2620 595 2640 ex
615 2609 688 2640 data
703 2606 821 2639 theoria
837 2605 982 2640 Telluris,

153 2651 275 2682 dabitur
294 2651 455 2692 longitudo
476 2662 625 2691 apparens
641 2652 728 2686 Solis,
752 2649 883 2690 ideoque
897 2647 984 2678 dabi-

153 2699 206 2723 tur
219 2694 355 2734 angulus
372 2694 400 2724 P
414 2694 443 2724 T
457 2694 486 2724 S.
536 2694 612 2724 Post
626 2695 777 2735 integram
791 2693 922 2731 planetae
936 2699 984 2719 re-

154 2735 352 2770 volutionem,
377 2735 499 2775 planeta
511 2736 616 2766 rursus
635 2737 693 2766 erit
711 2736 745 2765 in
771 2735 807 2770 P,
831 2743 893 2774 quo
906 2739 985 2762 tem-

154 2787 228 2816 pore
245 2778 352 2808 Tellus
367 2778 405 2808 sit
424 2778 456 2807 in
476 2783 498 2813 t,
521 2787 558 2807 ex
573 2788 611 2808 eo
625 2784 741 2817 puncto
755 2778 868 2807 iterum
882 2776 986 2805 obser-

155 2826 244 2849 vetur
271 2820 403 2860 planeta,
434 2819 667 2860 inveniaturque
698 2819 832 2860 angulus
863 2818 891 2848 P
919 2823 933 2846 t
963 2815 985 2846 S

157 2861 311 2902 elongatio
334 2863 463 2901 planetae
488 2871 507 2890 a
534 2862 614 2891 Sole.
670 2862 722 2892 Ex
745 2861 824 2891 datis
846 2862 985 2890 observa-

158 2903 276 2934 tionum
291 2905 464 2939 momentis,
487 2903 601 2933 dantur
614 2903 681 2934 loca
697 2903 831 2933 Telluris
845 2903 878 2932 in
893 2900 987 2939 eclip-

158 2945 219 2975 tica
231 2956 250 2976 e
266 2946 336 2977 Sole
351 2947 414 2977 visa
428 2947 554 2987 ejusque
568 2956 588 2975 a
604 2946 675 2975 Sole
688 2945 849 2982 distantiae,
864 2954 901 2974 ac
915 2952 986 2982 pro-

158 2986 232 3018 inde
246 2988 279 3018 in
292 2988 448 3028 triangulo
467 2994 480 3018 t
497 2990 518 3017 S
535 2988 572 3021 T.
593 2987 706 3018 dantur
718 2987 812 3017 latera
834 2994 848 3016 t
865 2987 895 3022 S,
922 2986 943 3015 S
958 2984 987 3014 T

160 3034 192 3060 et
201 3030 334 3071 angulus
347 3036 360 3061 t
371 3031 393 3061 S
404 3030 442 3068 T,
455 3029 549 3071 quare
564 3029 758 3060 invenientur
767 3028 876 3070 anguli
892 3029 937 3059 St
947 3027 986 3064 T,

1024 1169 1046 1199 S
1061 1169 1091 1200 T
1104 1173 1118 1199 t
1135 1174 1168 1199 et
1185 1168 1266 1200 latus
1284 1175 1298 1200 t
1314 1169 1353 1200 T.
1399 1168 1433 1199 Si
1451 1169 1555 1210 itaque
1573 1170 1613 1200 ab
1626 1169 1750 1209 angulis
1770 1168 1850 1200 datis

1022 1211 1052 1242 P
1068 1212 1097 1242 T
1114 1211 1136 1242 S
1157 1217 1188 1242 et
1208 1212 1237 1242 P
1250 1218 1264 1242 t
1280 1213 1311 1248 S,
1332 1211 1510 1242 auferantur
1523 1211 1631 1252 anguli
1652 1212 1718 1242 noti
1741 1218 1753 1242 t
1768 1212 1799 1242 T
1815 1211 1846 1246 S,

1023 1254 1075 1284 Tt
1086 1254 1116 1290 S,
1131 1253 1288 1284 dabuntur
1301 1253 1409 1294 anguli
1427 1254 1454 1284 P
1466 1254 1520 1284 Tt
1533 1260 1565 1284 et
1581 1254 1608 1284 P
1619 1260 1632 1283 t
1645 1254 1695 1291 T;
1717 1252 1802 1284 unde
1815 1253 1847 1282 in

1021 1296 1176 1337 triangulo
1195 1296 1224 1325 P
1237 1302 1251 1326 t
1267 1297 1296 1327 T
1310 1306 1348 1326 ex
1363 1295 1441 1326 datis
1454 1295 1577 1336 angulis
1590 1295 1655 1326 una
1667 1306 1741 1326 cum
1755 1297 1849 1326 latere

1023 1338 1055 1368 Τ
1075 1345 1098 1375 t,
1127 1338 1296 1369 innotescet
1326 1338 1355 1369 P
1378 1339 1417 1369 T.
1479 1337 1604 1369 Deinde
1632 1339 1666 1368 in
1693 1337 1850 1379 triangulo

1022 1381 1050 1410 Ρ
1067 1381 1098 1411 T
1113 1381 1145 1417 S,
1161 1381 1274 1410 dantur
1287 1380 1381 1411 latera
1398 1381 1427 1411 P
1442 1381 1481 1417 T,
1500 1380 1529 1411 T
1546 1381 1568 1411 S
1583 1390 1656 1410 cum
1671 1381 1788 1421 angulo
1801 1380 1848 1409 in-

1021 1428 1156 1462 tercepto
1179 1423 1208 1453 P
1225 1424 1255 1453 T
1271 1424 1302 1460 S,
1323 1422 1454 1463 ide6que
1467 1422 1591 1453 dabitur
1607 1422 1629 1453 S
1646 1423 1684 1459 P,
1705 1433 1774 1463 quae
1788 1422 1850 1452 dis-

1021 1466 1120 1496 tantia
1132 1465 1264 1505 planetae
1277 1476 1298 1496 a
1313 1465 1384 1496 Sole
1393 1470 1512 1496 curtata
1521 1464 1701 1504 appellatur,
1717 1471 1748 1495 et
1759 1470 1851 1495 notus

1021 1506 1076 1537 fiet
1089 1508 1224 1548 angulus
1240 1508 1269 1539 T
1287 1509 1309 1538 S
1326 1507 1362 1543 P,
1379 1517 1418 1538 ex
1432 1517 1495 1547 quo
1509 1507 1631 1537 dabitur
1644 1507 1731 1537 locus
1745 1506 1851 1546 plane-

1022 1555 1062 1579 tae
1079 1547 1321 1580 heliocentric'us.
1369 1550 1430 1580 Est
1448 1555 1552 1580 autem
1568 1550 1620 1590 (ex
1635 1549 1766 1588 trigon.)
1782 1555 1851 1579 tan-

1021 1601 1099 1632 gens
1112 1592 1284 1622 latitudinis
1302 1591 1503 1632 geooentricae
1520 1590 1655 1630 planetae
1667 1591 1707 1621 nd
1722 1599 1850 1631 tangen-

1021 1639 1086 1664 tem
1099 1633 1270 1665 latitudinis
1282 1633 1506 1664 heliocentrieae
1516 1639 1554 1662 ut
1563 1632 1707 1666 distantia
1719 1632 1851 1671 planetae

1021 1685 1042 1705 a
1058 1676 1128 1707 Sole
1146 1682 1265 1707 curtata
1283 1675 1323 1706 ad
1342 1675 1520 1706 distantiam
1536 1675 1675 1715 ejusdem
1689 1685 1709 1705 a
1724 1674 1852 1705 Tellure

1023 1724 1184 1755 curiatam,
1199 1718 1253 1749 sed
1266 1728 1320 1758 per
1334 1717 1584 1754 observationem,
1599 1723 1674 1747 nota
1687 1722 1734 1747 est
1746 1716 1851 1747 latitu-

1024 1759 1066 1789 do
1075 1761 1268 1801 geocentrica
1277 1760 1418 1800 planetae,
1430 1758 1525 1800 quare
1535 1759 1706 1789 innotescet
1717 1758 1850 1797 planetae

1022 1801 1154 1834 latitudo
1167 1803 1381 1833 heliocentrioe
1394 1812 1432 1832 ex
1446 1800 1510 1842 qua
1522 1801 1615 1831 simul
1629 1807 1661 1832 et
1674 1799 1819 1831 distantia
1832 1810 1852 1830 a

1025 1845 1096 1876 Sole
1116 1845 1236 1876 curtata
1256 1844 1545 1883 elicieturssplanetae
1565 1854 1585 1873 a
1606 1843 1678 1874 Sole
1698 1853 1770 1873 vera
1789 1842 1852 1872 dis-

1022 1888 1127 1923 tantia,
1152 1894 1184 1918 et
1201 1887 1294 1917 simili
1315 1886 1408 1917 modo
1429 1895 1499 1916 vera
1519 1886 1664 1916 distantia
1682 1885 1813 1924 planetae
1833 1895 1853 1915 a

1024 1929 1131 1967 Ten-a,
1162 1930 1247 1960 unde
1275 1929 1400 1959 tandem
1427 1929 1464 1958 in
1491 1928 1647 1968 triangulo
1675 1928 1765 1967 cujus
1792 1927 1852 1956 tria

1021 1978 1139 2011 puncta
1154 1972 1231 2002 ‘sunt
1252 1971 1315 2009 Sol,
1340 1972 1436 2001 Terra
1449 1976 1480 2001 et
1493 1971 1625 2009 planeta,
1640 1970 1745 1999 omnia
1758 1969 1852 1999 latera

1023 2020 1103 2044 sunt
1120 2014 1252 2054 cognita.
1315 2012 1390 2044 Hac
1417 2013 1535 2044 ratione
1563 2012 1694 2042 obtineri
1722 2016 1852 2049 possunt

1022 2056 1105 2086 varia
1119 2056 1188 2087 loca
1201 2056 1334 2086 centrica
1346 2056 1487 2094 planem,
1503 2053 1654 2093 variaeque
1667 2063 1687 2083 a
1704 2052 1774 2083 Sole
1788 2052 1850 2083 dis-

1022 2098 1137 2128 tantiae.

1044 2164 1047 2167 .
1068 2139 1226 2171 Caeterum
1246 2141 1313 2170 haec
1327 2138 1396 2169 fuse
1411 2138 1560 2178 variisque
1573 2137 1716 2168 adhibitis
1729 2137 1849 2167 metho-

1025 2182 1082 2217 dis,
1107 2181 1256 2221 explicata
1280 2182 1474 2220 reperiuntur
1498 2181 1532 2209 in
1556 2179 1789 2210 Introduc-tione
1811 2178 1851 2209 ad

1026 2224 1141 2254 Veram
1159 2224 1321 2262 Physicam
1335 2223 1467 2255 Joannis
1488 2221 1585 2258 Keill,
1600 2221 1632 2251 in
1650 2220 1851 2252 Astronomifi.

1026 2265 1162 2305 Physica
1193 2265 1322 2296 Davidis
1352 2264 1503 2305 Gregorii,
1536 2269 1568 2293 et
1595 2263 1787 2303 potissimum
1816 2264 1851 2293 in

1027 2307 1200 2339 Elementis
1223 2307 1446 2338 Astronomicis
1469 2316 1489 2336 a
1510 2305 1624 2337 clariss.
1646 2305 1774 2337 eassino
1790 2315 1849 2335 nu-

1093 2350 1191 2380 editis.

1024 2360 1112 2434 Ρεὶᾱ)
1126 2395 1144 2412 ⁴*
1158 2393 1294 2423 Maculae
1307 2393 1342 2423 in
1355 2401 1474 2431 corpore
1488 2391 1569 2423 Solis.
1604 2389 1688 2421 cum
1701 2389 1852 2420 revolutio

1025 2435 1216 2465 macularum
1239 2433 1318 2464 circa
1341 2434 1445 2465 Solem
1459 2433 1498 2463 sit
1511 2432 1679 2463 admodum
1693 2432 1850 2472 regularis,

1026 2484 1057 2507 et
1076 2476 1206 2507 maculae
1226 2476 1301 2515 ipsae
1319 2476 1368 2506 vel
1388 2475 1453 2506 Soli
1470 2480 1670 2514 supernatent
1683 2474 1731 2503 vel
1745 2484 1764 2503 a
1781 2473 1852 2504 Sole

1026 2529 1135 2558 parum
1158 2519 1271 2549 disoent
1293 2517 1363 2560 (69)
1393 2528 1457 2548 non
1480 2516 1610 2547 maculae
1632 2514 1713 2546 circa
1738 2515 1852 2553 Solem,

1027 2561 1080 2592 sed
1107 2561 1159 2591 Sol
1201 2561 1266 2601 ipse
1288 2561 1350 2601 25}
1370 2559 1490 2590 dierum
1510 2560 1607 2598 spatio
1626 2559 1751 2594 circiter,
1772 2557 1854 2588 circa

1026 2604 1183 2643 proprium
1208 2613 1297 2634 axem
1319 2609 1407 2632 motu
1426 2601 1583 2641 vertiginis
1602 2606 1751 2630 movetur.
1794 2600 1851 2631 Jo-

1027 2656 1106 2683 vem,
1124 2646 1278 2676 Venerem
1292 2651 1322 2675 et
1338 2645 1474 2675 Martem
1488 2642 1569 2674 circa
1587 2652 1675 2673 axem
1689 2652 1781 2672 suum
1794 2653 1852 2683 gy-

1027 2699 1095 2719 rare
1113 2697 1151 2718 ex
1171 2687 1300 2717 maculis
1314 2696 1436 2727 quoque
1449 2686 1481 2715 in
1496 2687 1642 2715 horumce
1659 2684 1852 2724 planetarum

1029 2731 1205 2770 corporibus
1224 2740 1279 2768 per
1299 2729 1381 2759 vices
1393 2729 1426 2758 in
1441 2733 1638 2767 conspectum
1653 2726 1853 2757 redeuntibus

1029 2773 1192 2813 colligitur.
1241 2772 1281 2801 ln
1303 2770 1460 2801 Mercurio
1478 2776 1582 2800 autem
1597 2769 1651 2809 qui
1667 2769 1731 2800 Soli
1749 2769 1853 2808 proxi-

1030 2825 1101 2845 mus
1121 2821 1175 2850 est,
1198 2815 1238 2844 ob
1258 2813 1390 2843 nimium
1411 2812 1537 2842 luminis
1556 2811 1759 2849 splendorem,
1774 2818 1806 2841 et
1819 2811 1854 2841 in

1033 2858 1167 2888 Saturno
1185 2858 1225 2886 ob
1245 2856 1411 2885 maximam
1429 2854 1495 2894 ejus
1513 2864 1532 2883 a
1558 2852 1654 2884 Terra
1677 2853 1854 2884 distantiam
1898 2886 1901 2888 ,

1029 2899 1160 2929 maculae
1183 2898 1277 2928 nullae
1300 2898 1448 2927 hactenus
1475 2895 1660 2934 deprehendi
1687 2902 1856 2934 potuerunt

1030 2941 1142 2982 quibus
1156 2940 1406 2971 determinaretur
1420 2948 1528 2968 eorum
1541 2938 1668 2978 vertigo.
1706 2938 1856 2968 Attamen

1030 2984 1075 3013 nil
1089 2986 1187 3013 obstat
1200 2982 1364 3022 quominus
1379 2990 1416 3011 ex
1431 2980 1580 3020 analogiae
1594 2979 1663 3020 lege
1676 2980 1858 3020 colligamus
1924 2992 1927 2994 v

1035 3025 1229 3057 Mercurium
1254 3032 1377 3065 quoque
1405 3028 1436 3054 et
1578 3032 1634 3053 um
1661 3021 1740 3053 circa
1768 3031 1857 3052 axem

981 3081 1042 3112 1³4
