2092 3470
534 214 789 257 FLUXUS
816 214 901 257 Ac
930 213 1267 256 REFLUXUS
1297 213 1508 256 MARIS.
1792 218 1870 255 251

167 344 358 387 quoenam
378 343 472 371 cum
491 327 580 369 aliis
608 327 895 382 phaenomenis
923 325 1146 368 consistere
1174 325 1336 380 possint
1363 340 1442 367 nec
1467 340 1534 368 ne.
1596 325 1877 376 Quantumvis

169 401 281 443 enim
309 398 530 455 explicatio
559 397 767 454 quaepiam
796 412 891 438 cum
918 396 1204 452 phaenomenis
1235 397 1455 450 conspiret,
1483 396 1565 438 nisi
1590 396 1752 446 virium,
1783 410 1878 453 quae

169 479 447 520 assumuntur,
479 469 699 510 existentia
726 467 893 509 aliunde
923 468 1230 523 comprobetur,
1261 466 1376 508 labili
1404 483 1453 508 ea
1481 467 1653 509 omnino
1686 467 1877 509 innititur

169 541 454 583 fundamento.
515 539 644 590 Quod
666 540 701 581 si
729 548 868 581 autem
889 535 1046 590 contra,
1077 538 1469 593 effectusejusmodi
1497 538 1654 579 viribus
1672 532 1879 580 tribuatur

170 627 272 669 quas
300 613 345 654 in
373 612 532 653 mundo
561 610 704 653 revera
733 612 910 653 existere
937 611 1018 652 alia
1044 610 1319 666 phaenomena
1348 608 1458 650 clare
1477 609 1721 660 docuerunt,
1753 617 1879 666 atque

170 699 354 725 summus
375 683 661 738 explicationis
681 697 776 723 cum
795 681 1049 738 experientia
1080 695 1303 722 consensus
1324 679 1672 735 deprehendatur,
1704 681 1879 722 dubium

170 757 248 798 erit
267 757 428 798 nullum
450 757 550 812 quin
570 757 648 797 ista
667 755 887 811 explicatio
908 755 960 796 sit
978 753 1159 811 genuina
1179 761 1221 795 et
1242 753 1328 794 sola
1347 767 1458 794 vera.
1900 796 1904 802 ,

229 832 261 882 §.
284 834 323 870 8.
356 827 558 877 Quamvis
579 835 717 868 autem
737 826 860 868 certis
879 825 1035 867 viribus
1057 824 1192 866 Lunae
1211 839 1260 865 ac
1283 824 1370 866 Soli
1389 823 1621 867 tribuendis
1639 823 1879 879 phaenome-
1906 859 1911 865 .

170 914 258 940 non
277 898 401 939 aestiis
421 899 546 939 maris
566 896 782 939 commode
802 896 1000 952 explicari
1019 904 1172 951 posset,
1195 903 1332 937 tamen
1355 895 1412 937 ob
1431 894 1542 937 hanc
1561 895 1691 937 solam
1711 910 1878 938 musam

171 955 403 1012 istiusmodi
431 971 538 1012 vires
567 978 744 1012 statuere
773 970 896 1010 nimis
916 968 1053 1010 audax
1072 969 1259 1010 videtur:
1290 969 1560 1024 quamobrem
1578 969 1781 1025 imprimis
1800 970 1883 1010 erit

171 1042 486 1099 dispiciendum,
507 1056 608 1083 num
627 1042 718 1082 aliae
738 1041 918 1083 rationes
938 1040 1139 1096 ejusmodi
1159 1041 1266 1082 vires
1285 1055 1372 1082 non
1393 1039 1528 1082 solum
1548 1040 1782 1090 admittant,
1805 1040 1882 1081 sed

172 1116 297 1157 etiam
326 1124 421 1156 actu
449 1115 626 1157 existere
653 1114 870 1157 manifeste>
899 1114 1095 1157 indicent.
1157 1114 1461 1157 Perlustremus
1481 1115 1608 1172 igitur
1627 1115 1748 1166 vires,
1779 1129 1886 1171 quas

164 1187 253 1241 jam
281 1184 448 1227 aliunde
475 1185 520 1226 in
548 1185 707 1227 mundo
737 1186 874 1242 vigere
892 1186 1095 1236 n‘ovimus,
1120 1185 1455 1245 sciscitemurque
1475 1185 1619 1241 paucis
1641 1199 1694 1226 an
1716 1185 1771 1226 ad
1791 1199 1885 1226 mo-

167 1264 262 1300 tum
290 1256 550 1311 reciprocum
578 1271 734 1298 oceano
763 1257 1045 1299 inducendum
1064 1257 1148 1299 sint
1175 1256 1363 1298 idoneae:
1393 1256 1495 1298 tales
1515 1256 1628 1298 enim
1646 1256 1756 1297 vires
1775 1255 1811 1296 si
1837 1255 1887 1298 in.

170 1326 330 1368 mundo
343 1327 433 1382 jam
452 1335 608 1377 extent,
630 1328 764 1369 omnis
783 1328 901 1369 labor
919 1329 965 1369 in
984 1328 1074 1370 aliis
1094 1327 1350 1383 inquirendis
1378 1327 1590 1382 impensus
1615 1326 1756 1367 irritus
1775 1324 1888 1367 foret

173 1411 223 1438 ac
257 1396 470 1439 ridiculus.
548 1398 614 1440 Ac
653 1398 790 1454 primo
829 1399 996 1455 quidem
1035 1399 1069 1440 si
1110 1398 1250 1441 Solem
1289 1406 1537 1455 spectamuS‚
1566 1406 1704 1440 motus
1733 1397 1887 1439 Terrae

174 1483 336 1511 annuus
363 1470 533 1512 omnino
562 1471 745 1514 declarat
764 1472 940 1514 Terram
969 1471 1172 1527 perpetuo
1195 1470 1338 1513 versus
1359 1471 1499 1513 Solem
1518 1470 1674 1528 urgeri,
1705 1477 1748 1512 et
1766 1470 1888 1526 quasi

175 1539 338 1590 attrahi,
369 1540 495 1597 idque
524 1541 670 1584 fortius
699 1544 744 1584 in
769 1544 922 1585 minori
940 1543 1148 1595 distantia,
1170 1543 1346 1585 debilius
1366 1541 1465 1583 vero
1494 1542 1538 1583 in
1556 1542 1725 1598 majori3
1759 1548 1889 1597 atque

174 1610 279 1651 adeo
308 1610 417 1652 hanc
439 1612 546 1654 Solis
576 1613 659 1654 vim
688 1614 731 1655 in
761 1615 939 1657 Terram
967 1616 1169 1657 rationem
1195 1623 1336 1657 tenere
1355 1614 1612 1670 reciprocam
1632 1613 1888 1669 duplicatam

176 1681 461 1724 distantiarum
478 1699 488 1724 :
520 1699 574 1726 ex
593 1700 678 1741 quo
695 1686 844 1742 sponte
864 1688 1050 1743 sequitur
1067 1702 1154 1728 non
1174 1686 1310 1730 solum
1329 1687 1565 1728 universam
1585 1686 1777 1737 Terram,
1811 1684 1890 1727 sed

177 1753 302 1794 etiam
332 1753 515 1811 singulas
545 1757 632 1811 ejus
659 1766 798 1812 partes
817 1757 1021 1813 perpetuo
1040 1756 1182 1800 versus
1204 1758 1345 1800 Solem
1365 1758 1517 1815 urgeri.
1578 1757 1691 1799 Tota
1718 1756 1890 1813 quidem

179 1823 315 1865 Terra
342 1825 462 1881 aeque
490 1825 650 1868 fortiter
678 1828 732 1870 ad
764 1828 906 1871 Solem·
933 1829 1188 1880 sollicitatur,
1219 1844 1269 1871 ac
1297 1829 1332 1871 si
1361 1829 1496 1870 omnis
1525 1828 1699 1870 materia
1724 1828 1770 1869 in
1798 1828 1891 1883 ejus

150 1907 154 1912 ’
176 1902 319 1944 centro
348 1905 457 1938 esset
484 1906 704 1955 congesta;
739 1899 905 1942 interim
934 1908 1075 1942 tamen
1102 1908 1242 1955 partes
1272 1900 1382 1942 circa
1411 1900 1672 1955 superficiem
1701 1901 1791 1942 sitae
1819 1899 1889 1941 vel

176 1965 308 2021 magis
327 1966 393 2007 vel
412 1966 548 2009 minus
575 1969 629 2010 ad
659 1969 800 2011 Solem
819 1971 1062 2023 allicientur,
1084 1971 1209 2028 quarn
1228 1979 1363 2013 totum
1383 1972 1532 2014 Terrae
1551 1987 1717 2027 corpus,
1746 1971 1891 2027 prouti

177 2036 244 2077 vel
271 2036 408 2097 mimis
438 2038 504 2079 vel
532 2041 663 2096 magis
694 2041 775 2082 sint
801 2050 970 2083 remotae
997 2057 1023 2083 a
1050 2042 1161 2092 Sole,
1181 2041 1306 2097 quam
1335 2051 1525 2084 centrum
1549 2042 1709 2084 Terrae.
1770 2042 1891 2084 Hinc

178 2109 304 2165 igitur
337 2110 398 2161 fit,
435 2120 481 2153 ut
514 2111 605 2154 haec
639 2113 784 2154 eadem
816 2114 876 2155 vis
911 2114 966 2156 ad
1003 2114 1144 2156 Solem
1176 2114 1351 2156 tendens
1390 2129 1541 2170 aquam
1579 2113 1708 2156 modo
1740 2114 1886 2171 magis,

178 2181 306 2223 modo
333 2183 470 2225 minus
500 2185 649 2235 trahat,
680 2200 734 2226 ex
765 2185 846 2242 qua
875 2185 1031 2245 alterna
1061 2186 1222 2228 actione
1246 2195 1383 2227 motus
1412 2187 1648 2241 reciprocus
1677 2186 1722 2227 in
1749 2185 1889 2227 fluidis

178 2253 410 2296 necessario
449 2255 549 2296 oriri
587 2255 722 2297 debet.
803 2255 1013 2305 Quocirca.
1049 2257 1130 2298 ista
1171 2257 1278 2300 Solis
1315 2258 1377 2298 vis
1415 2257 1460 2297 in
1493 2257 1689 2312 praesenti
1719 2257 1889 2314 negotio

180 2326 420 2381 neutiquam
453 2326 608 2383 negligi
633 2327 798 2381 poterit,
835 2326 930 2369 cum
965 2342 1026 2378 ea,
1063 2328 1098 2369 si
1130 2326 1236 2369 forte
1266 2327 1355 2369 sola
1393 2342 1559 2369 causam
1597 2327 1723 2369 aestfis
1762 2327 1912 2368 maris*

181 2410 266 2437 non
296 2397 520 2447 constituit,
550 2397 660 2440 certe
691 2397 882 2440 effectum
911 2398 1084 2441 aliarum
1106 2398 1255 2441 virium
1273 2397 1508 2441 necessario
1528 2398 1692 2441 afficere
1721 2413 1771 2440 ac
1798 2405 1887 2439 tur-

181 2467 281 2509 bare
310 2467 470 2510 debeat.

240 2541 270 2591 §.
293 2544 332 2580 9.
364 2539 731 2589 Quemadmodum
761 2551 896 2585 autem
928 2543 1062 2586 Terra
1091 2559 1187 2586 cum
1215 2544 1406 2586 omnibus
1427 2544 1511 2586 suis
1530 2545 1717 2600 partibus
1745 2541 1890 2585 versus

187 2609 326 2651 Solem
356 2611 596 2655 sollicitatur
608 2631 620 2665 3
651 2616 708 2657 ita
737 2630 881 2657 eorum
901 2617 1102 2658 sententia
1128 2631 1212 2658 non
1234 2616 1411 2659 multum
1430 2633 1456 2658 a
1474 2617 1645 2658 veritate
1665 2616 1890 2658 abhorrere

186 2674 362 2732 videtur,
398 2683 469 2738 qui
502 2685 546 2725 in
581 2685 702 2727 Luna
737 2687 912 2728 similem
944 2687 1028 2728 vim
1067 2687 1284 2729 collocant.
1365 2687 1688 2729 Observationes
1722 2686 1891 2742 quidem

185 2754 422 2811 hujusmodi
434 2755 517 2796 vim
536 2757 580 2798 in
601 2758 722 2800 Luna
742 2774 828 2800 non
849 2759 1132 2801 demonstrant
1154 2759 1273 2800 sicuti
1292 2759 1336 2800 in
1356 2759 1479 2808 Sole3
1511 2758 1606 2800 cum
1625 2766 1762 2800 motus
1779 2758 1888 2800 Ter-

184 2841 243 2867 rae
264 2827 308 2867 in
328 2826 461 2867 orbita
482 2826 553 2868 sua
574 2842 598 2868 a
618 2829 739 2871 Luna
760 2829 930 2873 omnino
950 2844 1036 2871 non
1055 2830 1163 2871 affici
1191 2829 1549 2884 deprehendatur:
1582 2829 1656 2870 sed
1675 2829 1710 2870 si
1739 2829 1891 2871 docue-

186 2899 316 2939 rimus
338 2898 512 2939 eandem
531 2898 614 2938 vim
633 2900 687 2940 ad
706 2900 872 2942 Lunam
892 2901 1191 2955 respicientem,
1224 2913 1316 2954 quae
1336 2899 1456 2940 aestui
1475 2900 1599 2940 maris
1619 2899 1892 2955 producendo

187 2969 241 3009 sit
268 2983 356 3023 par,
388 2969 432 3008 in
461 2976 577 3008 motu
607 2968 753 3010 Terrae
781 2971 939 3012 nullam
969 2971 1203 3012 sensibilem
1224 2969 1469 3010 anomaliam
1489 2970 1719 3024 producere
1737 2971 1888 3019 valere,

191 3037 374 3084 audacia,
407 3053 500 3087 quae
530 3037 634 3080 forte
663 3039 708 3080 in
736 3041 828 3082 talis
857 3042 917 3083 vis
946 3042 1194 3083 admissione
1214 3039 1436 3082 consistere
1455 3040 1684 3093 videbatur,
1715 3039 1892 3083 multum
