2092 3470
175 233 324 275 Limen
340 230 557 274 Tannus.
640 225 964 271 PRINCIPIA
997 225 1487 276 MATHEMATICA.
1821 232 1877 271 25

916 448 1127 492 Scholium.

236 591 456 637 Hactenus
482 589 568 631 vim
596 589 710 631 illam
739 587 821 646 qua
851 602 1026 644 corpora
1054 586 1236 628 coelestia
1258 585 1303 626 in
1329 584 1499 626 orbibus
1529 582 1612 624 suis
1632 585 1874 638 retinentur,

175 663 445 719 centripetam
478 661 786 718 appellavimus.
858 659 1048 702 Eandem
1080 660 1169 715 jam
1207 658 1454 715 gravitatem
1493 671 1583 697 esse
1622 665 1794 708 constat,
1836 668 1877 700 et

169 743 401 790 propterea·
411 732 656 790 gravitatem
682 732 724 773 in
750 738 966 787 posterum
983 729 1236 771 vocabimus.
1296 728 1407 770 Nam
1429 741 1552 768 causa
1571 727 1632 767 vis
1651 726 1760 768 illius
1781 742 1878 769 cen-

170 805 345 862 tripetae,
367 804 448 861 qua
469 804 593 847 Luna
612 805 812 847 retinetur
831 803 875 844 in
895 802 1008 854 orbe,
1031 801 1199 844 extendi
1220 801 1343 843 debet
1357 800 1411 842 ad
1431 813 1575 841 omnes
1595 798 1783 855 planetas
1799 815 1878 856 xper

173 878 283 936 Reg.
307 884 344 920 1.
367 882 407 919 2.
429 885 472 919 et
491 882 532 919 4.
1541 856 1653 931 s

516 1042 897 1086 PROPOSITIO
927 1043 1006 1085 VI.
1066 1041 1428 1084 THEOREMA
1458 1039 1536 1082 VI.

174 1167 356 1223 Corpora
375 1168 509 1208 omnia
532 1168 578 1208 in
589 1167 782 1221 planetas
799 1167 976 1222 singulos
989 1166 1214 1221 gravitare,
1238 1172 1276 1206 et
1296 1166 1483 1219 pondera
1497 1178 1635 1206 veoram
1655 1164 1700 1204 in
1720 1164 1881 1204 eundem

227 1241 398 1296 quemvis
409 1241 632 1294 planetam,
646 1240 819 1294 paribus
839 1241 1048 1281 distantiis
1062 1254 1089 1279 a
1103 1245 1237 1280 centro
1249 1240 1442 1292 planetae,
1455 1237 1787 1294 proportionalia
1802 1250 1882 1278 esse

227 1312 452 1368 quantitati
470 1312 651 1352 materiae
671 1313 716 1352 in
735 1312 916 1366 singulis.
978 1307 984 1311 ’

230 1444 279 1499 (¹)
310 1444 548 1486 Descensus
577 1443 766 1501 gravium
794 1443 982 1484 omnium
1011 1443 1055 1484 in
1090 1442 1268 1485 Terram
1300 1440 1485 1497 (dempta
1518 1441 1662 1502 saltem
1689 1438 1884 1497 inaequali

170 1515 451 1558 retardatione
483 1531 577 1572 quae
608 1530 662 1557 ex
685 1515 791 1557 a'e’ris
825 1514 1053 1572 perexigua
1086 1514 1318 1557 resistentia
1346 1515 1494 1568 oritur)
1525 1514 1753 1571 aequalibus
1778 1522 1884 1555 tem-

169 1586 343 1642 poribus
363 1587 467 1638 fieri,
483 1586 732 1642 jamdudum
753 1585 1024 1627 observarunt
1043 1585 1112 1627 alii
1123 1602 1135 1636 3
1167 1593 1209 1627 et
1228 1584 1530 1627 accuratissime
1551 1585 1720 1641 quidem
1739 1592 1884 1626 notare

171 1657 270 1700 licet
298 1658 579 1715 aequalitatem
605 1666 840 1714 temporum
859 1658 903 1699 in
922 1658 1128 1713 pendulis.
1190 1658 1299 1700 Rem
1319 1659 1475 1700 tentavi
1494 1659 1538 1699 in
1558 1673 1674 1708 auro,
1697 1664 1882 1715 argento,

171 1730 358 1785 plumbo,
388 1731 509 1781 vitro,
544 1729 683 1782 arena,
717 1729 801 1772 sale
831 1730 1052 1780 communi,
1073 1730 1202 1787 ligno,
1224 1729 1344 1786 aqua,
1366 1729 1515 1771 tritico.
1578 1728 1885 1785 Comparabam

170 1800 347 1857 pyrgides
382 1800 486 1844 duas
519 1801 679 1859 ligneas
709 1800 909 1843 rotundas
938 1810 979 1843 et
1011 1801 1204 1857 aequales.
1266 1801 1409 1843 Unam
1438 1800 1663 1856 implebam
1687 1800 1816 1857 ligno,
1846 1806 1887 1839 et

170 1871 284 1914 idem
311 1872 403 1914 auri
430 1871 596 1928 pondus
626 1871 929 1928 suspendebam
960 1870 1104 1928 (quam
1131 1871 1250 1927 potui
1278 1870 1440 1924 exacte)
1472 1871 1517 1912 in
1543 1870 1711 1912 alterius
1741 1877 1885 1911 centro

171 1945 454 1988 osculationis.
528 1945 712 2002 Pyxides
741 1945 795 1987 ab
824 1945 1052 2002 aequalibus
1090 1945 1246 2000 pedum
1286 1943 1481 1986 undecim
1520 1943 1601 1984 filis
1641 1942 1885 1999 pendenteS,

176 2015 484 2058 constituebant
502 2015 706 2072 pendula3
737 2015 875 2072 quoad
893 2015 1071 2071 pondus,
1093 2015 1286 2072 figuram,
1318 2023 1361 2056 et
1380 2015 1486 2057 ae’ris
1506 2013 1780 2054 resistentiam
1799 2026 1886 2053 om-

171 2086 274 2128 nino
292 2086 434 2142 paria:
466 2093 508 2128 et
525 2086 695 2142 paribus
715 2086 1050 2138 oscillationibus,
1067 2087 1190 2142 juxta
1208 2086 1370 2142 positae,
1392 2086 1508 2127 ibant
1530 2083 1615 2126 una
1634 2092 1676 2125 et
1695 2083 1887 2126 redibant

172 2156 416 2201 diutissime.
477 2158 523 2212 (⁸)
549 2158 732 2200 Ptoinde
751 2159 872 2213 copia
891 2159 1075 2200 materiae
1094 2159 1138 2199 in
1157 2174 1260 2200 auro
1287 2162 1380 2214 (per
1403 2159 1545 2200 Corol.
1572 2164 1609 2199 1.
1631 2165 1674 2198 et
1690 2164 1732 2217 β.
1756 2157 1885 2212 Prop.

174 2228 350 2271 XXIV.
371 2227 467 2270 Lib.
491 2228 570 2280 II.)
601 2236 689 2270 erat
718 2228 772 2269 ad
801 2229 963 2284 copiam
982 2229 1169 2271 materiae
1198 2229 1242 2270 in
1261 2229 1391 2286 ligno,
1422 2236 1470 2270 ut
1488 2229 1550 2270 vis
1572 2228 1757 2270 mou-icis
1778 2228 1885 2270 actio

175 2301 222 2343 in
235 2307 375 2342 totum
395 2314 544 2341 aurum
564 2300 620 2342 ad
639 2299 825 2355 ejusdem
844 2301 1049 2343 actionem
1068 2301 1112 2342 in
1131 2308 1266 2343 totum
1284 2301 1469 2358 lignum;
1497 2301 1580 2343 hoc
1606 2309 1682 2352 est,
1714 2309 1761 2344 ut
1779 2316 1884 2356 pon-

172 2373 252 2416 dus
271 2373 326 2416 ad
342 2373 523 2429 pondus.
584 2373 642 2416 Et
661 2374 721 2415 sic
739 2373 784 2415 in
805 2373 977 2416 caeteris.
1038 2374 1091 2416 In
1111 2373 1355 2430 corporibus
1375 2373 1559 2430 ejusdem
1586 2373 1784 2429 ponderis
1805 2372 1885 2414 dif-

173 2445 346 2489 ferentia
364 2445 563 2496 materiae,
585 2461 679 2503 quae
698 2446 764 2488 vel
783 2446 920 2488 minor
936 2438 1043 2488 esset
1058 2445 1184 2503 quam
1198 2461 1295 2502 pars
1310 2446 1527 2488 millesima
1542 2446 1727 2488 materiae
1741 2446 1880 2497 totius,

173 2518 239 2562 his
254 2519 550 2575 experimentis
569 2518 788 2562 manifesto
809 2519 1066 2576 deprehendi
1093 2519 1241 2575 potuit.
1300 2520 1396 2562 Jam
1415 2518 1515 2561 vero
1533 2526 1726 2561 naturam
1745 2519 1882 2576 gravi-

172 2592 268 2635 tatis
287 2593 331 2634 in
349 2593 536 2649 planetas
555 2593 731 2636 eandem
749 2608 840 2635 esse
859 2600 983 2649 atque
1002 2593 1046 2634 in
1067 2592 1259 2644 Terram,
1280 2607 1367 2634 non
1388 2599 1450 2634 est
1468 2591 1654 2633 dubium.
1715 2590 1883 2634 Elevari

175 2666 288 2708 enim
308 2665 522 2725 fingantur
536 2682 719 2724 corpora
736 2666 830 2709 haec
847 2666 1058 2709 terrestria
1076 2665 1131 2708 ad
1150 2680 1281 2722 usque
1295 2664 1441 2707 orbem
1457 2663 1605 2715 Lunae,
1628 2671 1670 2705 et
1688 2661 1772 2705 ima
1785 2678 1881 2706 cum

216 2805 261 2848 Γ)
279 2807 296 2826 ”
312 2807 487 2838 Descensus
497 2809 641 2847 gravium
650 2809 790 2840 omnium
802 2808 848 2848 (8.
862 2807 934 2838 Lib.
950 2807 1009 2847 1.).
1052 2806 1144 2838 recte.
1194 2805 1255 2837 Sed
1276 2805 1399 2845 pondus
1420 2803 1661 2843 comparativum
1680 2809 1727 2835 est
1740 2804 1822 2836 actio
1835 2805 1880 2835 vis

217 2847 262 2898 ζ’)
279 2850 297 2867 '⁸
316 2847 450 2880 Proinde?
465 2850 549 2889 copia
562 2852 706 2882 mata-ie.
756 2850 923 2887 Quantitas
943 2860 1010 2881 ma·
1051 2849 1188 2880 mon-icis
1209 2850 1278 2890 (per
1303 2848 1374 2879 Cor.
1401 2851 1430 2878 6.
1461 2847 1556 2886 Prop-
1585 2846 1667 2878 XX.
1694 2847 1766 2878 Lib.
1794 2847 1875 2888 ΙΙ.)-

174 2896 262 2922 teme
289 2890 324 2920 in
351 2890 455 2922 medio
482 2900 548 2921 non
575 2891 733 2924 resistente
758 2898 804 2923 eet
826 2899 863 2923 nt
886 2892 1010 2932 pondus
1053 2891 1144 2934 Ergo
1158 2891 1247 2931 copia
1260 2890 1395 2921 materiae
1408 2889 1442 2920 in
1456 2899 1533 2920 auro
1546 2895 1611 2920 erat
1624 2889 1664 2920 ad
1678 2889 1799 2929 copiam
1812 2899 1879 2920 ma-

175 2933 419 2972 comparativum
443 2939 474 2963 et
487 2933 673 2973 quadratum
687 2935 835 2976 temporis
849 2934 964 2966 directe
979 2941 1010 2966 et
1051 2935 1136 2966 teriae
1156 2934 1190 2964 in
1209 2933 1295 2974 ligno
1310 2939 1346 2963 ut
1359 2932 1406 2963 vis
1418 2931 1554 2972 metricis
1566 2932 1646 2963 actio
1659 2932 1692 2962 in
1707 2938 1807 2963 totum
1822 2943 1878 2963 au-

176 2974 341 3014 longitudo
362 2975 492 3015 penduli
516 2975 635 3007 inverse
660 2978 729 3016 (per
756 2978 828 3009 Cor.
851 2981 881 3008 6.
911 2978 1004 3017 Prop.
1050 2987 1122 3008 rum
1147 2976 1187 3007 ad
1210 2975 1347 3017 ejusdem
1369 2974 1520 3006 actionem
1540 2974 1572 3004 in
1590 2975 1723 3016 lignum,
1743 2975 1803 3005 hoc
1821 2980 1877 3012 est,

179 3017 317 3048 XXIV.
334 3017 405 3048 Lib.
425 3018 493 3058 11.)
510 3018 641 3059 ide6que
652 3018 730 3051 datis
744 3026 882 3060 tempore
892 3027 926 3050 et
939 3020 1009 3051 lon·
1052 3021 1122 3059 (per
1150 3020 1221 3050 Cor.
1242 3022 1270 3048 1.
1290 3018 1383 3058 Prop.
1404 3016 1540 3048 XXIV.
1560 3017 1630 3049 Lib.
1651 3017 1721 3058 11.)
1746 3023 1782 3048 ut
1799 3027 1879 3058 pon-

179 3058 319 3099 gitudine
339 3059 477 3099 penduli,
501 3067 538 3092 ut
559 3061 681 3101 pondus
701 3063 942 3103 comparativum
962 3062 1008 3093 di·
1050 3062 1110 3093 dus
1123 3062 1163 3093 ad
1177 3061 1306 3101 pondus.
