2092 3470
214 239 268 276 84·
612 232 1063 277 PHILOSOPHIAE
1095 231 1458 277 NATURALIS
1502 232 1598 284 [DE
1615 231 1778 277 Mum).
1797 232 1920 275 st'r.

215 348 467 391 differentias
488 363 578 391 esse
600 351 664 402 12¹5·
685 357 728 392 et
748 351 813 407 23.
875 349 986 391 Nam
1004 349 1072 390 hae
1092 347 1336 390 differentiae
1356 347 1597 389 differentiis
1617 355 1854 404 temporum
1873 348 1926 389 2'.

220 425 309 466 13''.
338 430 389 465 et
408 425 460 465 4¹.
495 426 582 465 12⁰.
614 423 880 479 respondent.
944 422 1227 465 Crassioribus
1256 421 1379 478 hujus
1408 421 1763 464 observationibus
1791 422 1928 464 minus

214 497 432 540 fidendum
451 505 525 540 est.
1175 531 1178 534 -

271 572 407 614 Annis
439 571 642 627 proximis
677 575 807 627 (1699
839 578 881 613 et
917 571 1043 623 1700)
1072 571 1130 613 D.
1160 570 1233 612 des
1260 571 1406 627 Hayes
1436 570 1491 612 ad
1521 570 1759 612 Americam
1788 567 1927 612 denuo

211 643 410 700 navigans
443 643 732 686 determinavit
762 642 875 699 quod
904 643 948 684 in
977 643 1121 685 insulis
1163 643 1373 699 Cayennae
1401 651 1443 685 et
1469 642 1680 685 Granadae
1708 642 1928 700 longitudo

212 714 385 769 penduli
414 714 468 756 ad
495 715 657 757 minuta
686 715 868 756 secunda
897 715 1132 765 oscsslanfis,
1165 723 1273 757 esset
1299 716 1426 771 paulo
1454 716 1591 757 minor
1617 714 1742 771 quem
1766 715 1863 770 ped.
1887 722 1926 757 3.

211 787 283 830 lin.
306 790 374 841 δὲ.
396 788 591 854 quodque
611 789 657 829 in
675 788 811 830 insula
833 788 876 830 S.
901 787 1194 843 Christophori
1213 788 1432 845 longitudo
1452 789 1523 830 illa
1543 795 1651 830 esset
1675 787 1772 843 ped.
1794 793 1833 830 3.
1854 787 1929 829 lin.

213 861 279 915 6{,
302 867 344 900 et
364 858 476 915 quod
497 859 540 899 in
560 858 693 900 insula
715 860 757 900 S.
779 859 993 901 Dominici
1013 860 1158 901 eadem
1178 868 1286 902 esset
1305 860 1400 915 ped.
1425 867 1464 903 3.
1485 860 1557 902 lin.
1581 864 1620 904 7.

269 928 479 988 Anuoque
498 937 515 972 l
526 936 622 976 704.
638 931 687 973 P.
707 930 915 973 Feuilleus
930 931 1086 974 invenit
1100 933 1143 973 in
1158 932 1419 974 Porto-bello
1431 933 1476 973 in
1489 932 1685 974 Americai
1700 931 1927 989 longitudi-

211 1017 309 1045 nem
323 1003 495 1059 penduli
510 1003 562 1045 ad
579 1003 737 1045 minuta
756 1003 940 1045 secunda
954 1004 1192 1055 oscillantis,
1210 1004 1302 1046 esse
1314 1004 1471 1060 pedum
1490 1005 1616 1046 trium
1632 1004 1928 1047 Parisiensium

211 1085 253 1119 et
271 1077 473 1118 linearum
494 1084 656 1118 tantum
678 1076 771 1131 5573,
800 1076 844 1118 id
864 1083 938 1127 est,
961 1076 1092 1118 tribus
1113 1076 1198 1118 fere
1218 1076 1336 1118 lineis
1350 1077 1579 1119 breviorem
1601 1076 1725 1133 queim
1749 1076 1928 1118 Lutetioe

217 1151 483 1201 Parisiorum,
517 1150 568 1206 (¹¹)
594 1150 668 1192 sed
688 1159 850 1192 errante
871 1151 1167 1192 observatione.
1229 1150 1341 1192 Nam
1361 1150 1512 1192 deinde
1531 1150 1585 1191 ad
1604 1149 1785 1191 insulam
1807 1149 1927 1191 Mar-

211 1226 382 1267 tinicam
400 1225 614 1282 navigans,
635 1225 793 1266 invenit
811 1224 1115 1282 longitudinem
1134 1225 1307 1281 penduli
1326 1225 1536 1267 isochroni
1557 1239 1646 1267 esse
1664 1223 1821 1279 pedum
1836 1228 1936 1264 tan-'

209 1296 299 1339 tum
318 1297 445 1339 trium
467 1296 762 1339 Parisiensium
784 1306 825 1340 et
843 1298 1046 1340 linearum
1068 1296 1120 1351 5}
1149 1329 1159 1340 .

270 1370 470 1412 Latitudo
490 1379 630 1413 autem
653 1370 843 1412 Paraibae
874 1378 937 1412 est
965 1375 1030 1413 62‘.
1055 1371 1134 1413 38‘.
1157 1371 1211 1413 ad
1236 1379 1435 1422 austrum,
1458 1379 1499 1413 et
1518 1386 1568 1412 ea
1589 1367 1838 1415 Porto-belli
1859 1374 1925 1410 93‘.

212 1445 292 1486 33‘.
314 1444 368 1485 ad
395 1444 580 1496 boream,
603 1452 645 1487 et
674 1445 912 1487 latitudines
933 1445 1159 1486 insularum
1183 1446 1405 1501 Cayennae,
1431 1444 1597 1494 Goreae,
1623 1441 1925 1496 Guadaloupae,

213 1516 466 1569 Martinicae,
500 1518 726 1570 Granadae,
762 1519 904 1561 Sancti
936 1518 1242 1570 Christonhori‚
1275 1528 1317 1561 et
1349 1520 1490 1562 Sancti
1510 1518 1724 1561 Dominici
1744 1524 1841 1559 sunt
1859 1530 1926 1558 re-

210 1590 389 1646 spective
410 1595 477 1633 4⁸¹.
505 1592 586 1641 55',
608 1595 703 1632 14⁸2
726 1590 808 1640 40',
830 1594 925 1632 15⁸¹.
940 1590 1023 1640 oo',
1042 1594 1138 1630 14⁸1.
1153 1590 1235 1639 44',
1260 1594 1356 1630 12⁸¹.
1379 1594 1404 1630 6
1418 1617 1430 1638 ‚
1457 1591 1552 1631 17⁸³.
1574 1587 1652 1636 19',
1667 1595 1709 1628 et
1726 1591 1822 1628 192‘.
1838 1587 1922 1637 48',

209 1664 264 1706 ad
292 1665 474 1706 boream.
541 1664 598 1706 Et
626 1678 818 1705 excessus
849 1661 1118 1719 longitudinis
1139 1662 1310 1717 penduli
1334 1660 1578 1704 Parisiensis
1601 1673 1727 1714 supra
1746 1656 1928 1715 longitu-

211 1739 330 1780 dines
349 1738 629 1794 pendulorum
648 1737 964 1779 isochronorum
983 1736 1029 1777 in
1049 1735 1113 1777 his
1134 1735 1421 1777 latitudinibus
1438 1735 1674 1776 observatas
1690 1740 1787 1774 sunt
1799 1730 1927 1787 paulo

211 1808 385 1867 majores
415 1809 539 1867 quiem
567 1825 647 1866 pro
668 1808 808 1852 tabula
827 1808 1139 1866 longitudinum
1158 1807 1331 1863 penduli
1351 1807 1538 1863 superius
1559 1803 1807 1861 computata.
1868 1804 1926 1846 Et

211 1892 432 1940 propterea
454 1883 497 1939 (¹)
521 1883 657 1926 Terra
686 1882 899 1940 aliquanto
919 1880 1041 1924 altior
1061 1887 1123 1922 est
1143 1880 1221 1922 sub
1240 1887 1451 1936 aequatore
1471 1877 1595 1936 qudm
1614 1893 1694 1934 pro
1713 1878 1926 1934 superiore

1087 2047 1235 2088 posterior
1245 2046 1318 2079 vero
1329 2046 1460 2079 eandem
1473 2046 1703 2089 longitudinem
1714 2056 1838 2078 summo
1848 2056 1923 2079 con·

213 2062 256 2094 D.
278 2061 412 2102 Couplet
433 2061 638 2092 differentiam
659 2071 726 2092 etse
742 2051 796 2102 Ῐ-ἒ.
845 2059 946 2091 Simili
960 2069 1045 2090 com-

1085 2117 1179 2137 sensu
1193 2104 1406 2137 determinavit
1427 2109 1468 2137 86
1489 2104 1562 2144 poll.
1581 2107 1600 2136 7
1616 2103 1672 2134 lin.
1689 2092 1754 2145 '9⁷35-

210 2112 287 2145 puto
307 2111 400 2145 patet,
422 2104 630 2135 differentiam
650 2103 858 2143 pendulorum
876 2102 1002 2134 Parisiis
1015 2108 1047 2133 et

212 2159 351 2190 Paraibae
365 2169 430 2189 esse
445 2148 501 2202 2}-

254 2214 302 2256 (¹²)
334 2217 351 2234 ¹*
384 2217 441 2245 Sed
469 2220 591 2246 errante
626 2214 837 2245 observatiam.
898 2211 1047 2243 Latitudo

214 2256 399 2288 Porto-belli
418 2262 464 2287 est
486 2256 535 2288 90.
559 2256 618 2287 33’.
643 2256 839 2293 sud-boream,
863 2260 894 2286 et
913 2255 1046 2286 latitudo

212 2299 389 2330 Martinicae
403 2305 449 2330 est
466 2298 532 2330 140.
543 2300 604 2330 44¹.
652 2298 741 2329 Hinc
755 2297 927 2328 differentia
942 2297 1045 2328 latitu-

211 2341 322 2372 dinum
336 2348 382 2372 est
397 2341 454 2373 50¹.
472 2342 529 2372 11'.
569 2342 630 2372 Est
643 2347 748 2372 autem
762 2340 894 2370 latitudo
911 2340 1046 2370 Lutetiae

212 2383 281 2415 480.
299 2384 357 2416 50¹.
376 2383 471 2425 quare
492 2384 664 2415 differentia
684 2382 886 2414 latitudinum
909 2382 1046 2414 Lutetia

210 2432 242 2457 et
255 2425 437 2458 Porto-belli
449 2433 494 2457 est
508 2426 579 2458 590.
595 2427 651 2458 17’.
679 2426 740 2457 Sed
749 2431 950 2466 praeterquam
961 2425 1045 2465 quod

211 2470 436 2501 observationes
466 2469 608 2500 Feuillaei
636 2480 656 2500 a
686 2467 808 2500 Tabula
838 2466 1045 2499 Newtoniana

211 2511 346 2543 maxime
376 2511 559 2551 discrepant,
586 2522 691 2542 secum
719 2511 850 2541 invicem
880 2520 945 2540 non
972 2511 1045 2540 satis

211 2555 383 2585 consentire
397 2554 550 2585 videntur.
593 2554 676 2585 cum
691 2554 774 2584 enim
789 2552 961 2583 differentia
975 2552 1044 2583 lati-

211 2597 356 2627 tudinum
380 2596 450 2629 890.
484 2597 539 2627 17'.
568 2606 606 2626 ex
635 2595 745 2626 iisdem
774 2594 1042 2631 observationibus,

211 2640 374 2677 praebuerit
388 2639 615 2680 longitudinem
629 2638 759 2678 penduli
768 2638 918 2667 minorem
934 2637 1044 2668 Porto-

212 2680 284 2710 belli
298 2681 393 2722 quium
410 2682 544 2718 Parisii&
560 2682 658 2712 tribus
673 2681 735 2711 fere
755 2681 856 2716 lineis,
872 2679 1042 2710 differentia

212 2723 411 2754 latitudinum
423 2725 600 2755 Martinicae
609 2731 640 2754 et
653 2722 836 2754 Porto-belli
850 2732 920 2763 quae
934 2730 980 2752 est
991 2722 1039 2754 50.

213 2765 271 2795 11'.
290 2768 436 2808 majorem
458 2768 491 2797 in
513 2767 595 2798 hisce
614 2765 828 2796 latitudinibus
841 2766 975 2806 praebere
990 2765 1044 2796 de-

212 2822 329 2853 buisset
342 2824 470 2861 penduli
484 2823 689 2855 differentiam
705 2822 799 2864 quatu
819 2812 872 2864 159-
895 2821 948 2852 lin.
966 2831 1043 2861 qua-

213 2864 275 2895 lem
297 2865 412 2896 invenit
437 2867 613 2897 Feuillaeus.
660 2866 760 2896 Hunc
775 2865 957 2905 coeteroquin
972 2864 1044 2894 dili-

211 2906 428 2947 gentissimum
453 2911 675 2939 observatorem
700 2917 762 2939 non
787 2909 858 2938 satis
878 2906 936 2937 hac
956 2906 988 2936 in
1011 2917 1045 2937 re

213 2955 391 2980 accuratum
415 2949 510 2981 fuisse
534 2951 718 2982 confirmant
742 2950 966 2982 observationes
989 2959 1039 2979 an.

217 2994 309 3022 1735.
355 2991 538 3023 Porto-belli
559 2994 670 3024 habitoe
692 3004 711 3024 a
731 2993 842 3024 clariss.
865 2993 938 3022 viris
961 2992 1039 3022 DD.

217 3033 324 3064 Godin
346 3040 376 3064 et
401 3034 560 3075 Bouguer‚
587 3046 719 3076 quorum
734 3036 815 3076 prior
833 3034 961 3075 penduli
974 3034 1044 3065 lon·

213 3086 386 3126 ‚titudinem
403 3086 586 3118 Porto-beni
607 3087 723 3119 invenit
738 3080 778 3120 {36
793 3088 866 3128 pou.
886 3089 903 3120 7
920 3078 1045 3131 ιῑηἝΖς,

1130 2149 1169 2192 (¹)
1187 2152 1238 2181 97.
1263 2150 1358 2180 Terra
1372 2147 1529 2189 aliquanto
1543 2148 1632 2178 altior
1645 2152 1699 2177 est.
1739 2144 1924 2177 Materiaad

1086 2199 1228 2223 centrum
1250 2190 1426 2223 redundans
1449 2188 1513 2231 qud
1537 2188 1672 2219 densitas
1691 2187 1735 2218 ibi
1754 2187 1854 2228 major
1874 2187 1920 2225 fit,

1086 2235 1212 2265 seorsim
1226 2245 1246 2265 a
1260 2231 1378 2275 reliqu&
1391 2233 1517 2266 Tellure
1526 2230 1720 2262 uniformiter
1728 2229 1824 2260 densa
1834 2240 1921 2271 spec.

1086 2283 1177 2314 tetur,
1202 2278 1336 2318 gravitas
1359 2276 1394 2305 in
1422 2275 1548 2305 Terram
1575 2272 1769 2303 uniformiter
1793 2271 1920 2302 densam

1086 2320 1143 2351 erit
1165 2318 1318 2359 reciproce
1339 2325 1375 2349 ut
1395 2317 1539 2348 distantia
1558 2326 1578 2346 a
1598 2321 1704 2346 centro
1724 2315 1776 2356 (ex
1791 2314 1922 2346 demon.

1086 2363 1187 2394 stratis
1208 2362 1241 2393 in
1267 2363 1360 2401 Prop.
1391 2359 1524 2400 XIX.).
1588 2357 1730 2388 Gravitas
1751 2363 1856 2387 nutem
1884 2358 1920 2388 in

1085 2405 1245 2436 materiam
1260 2403 1484 2436 redundantem
1499 2402 1557 2433 erit
1571 2398 1723 2441 reciproce
1738 2405 1774 2430 ut
1787 2399 1920 2440 quadran

1085 2453 1154 2479 tum
1183 2447 1335 2479 distantiae
1363 2457 1383 2477 a
1410 2443 1539 2476 materia
1568 2442 1623 2475 illa
1650 2452 1744 2483 quam
1779 2441 1920 2482 proxime

1086 2491 1197 2532 (Prop.
1213 2489 1380 2521 LXXVI.
1400 2487 1471 2519 Lib.
1486 2487 1544 2528 1.).
1589 2484 1673 2517 cum
1688 2485 1784 2526 igitur
1798 2485 1831 2515 in
1846 2493 1922 2517 casu

1088 2535 1191 2564 Terrae
1212 2532 1406 2563 uniformiter
1427 2532 1538 2566 densae,
1563 2528 1649 2560 illius
1663 2526 1838 2567 superficies
1852 2537 1920 2558 ver-

1085 2576 1139 2608 sus
1160 2581 1347 2617 aequatorem
1368 2574 1513 2610 elevetur,
1535 2570 1642 2603 versus
1656 2570 1764 2610 polum
1778 2568 1850 2601 νει-ὂ
1865 2569 1920 2601 de.

1084 2620 1243 2659 primatur,
1269 2617 1462 2660 gravitasque
1484 2615 1524 2646 ad
1545 2620 1731 2655 aequatorem
1753 2612 1856 2644 minor
1879 2610 1920 2644 sit

1084 2661 1180 2703 quem
1200 2661 1240 2692 ad
1261 2660 1369 2700 polum
1383 2659 1416 2689 in
1431 2658 1548 2689 ratione
1562 2656 1715 2688 distantiae
1730 2655 1793 2695 poli
1812 2665 1831 2686 a
1844 2661 1924 2685 ceni

1083 2711 1131 2735 tro
1146 2703 1185 2735 ad
1200 2702 1361 2744 aequatoris
1374 2700 1666 2737 semi-diametrum,
1682 2698 1723 2729 ad
1737 2696 1918 2738 praedictam

1083 2754 1188 2778 autem
1216 2745 1375 2776 materiam
1411 2743 1636 2774 redundantem
1668 2739 1750 2772 circi
1776 2745 1918 2771 centrum

1084 2789 1214 2830 gravitas
1227 2788 1267 2819 ad
1281 2792 1467 2827 aequatorem
1482 2786 1583 2816 minor
1596 2786 1632 2816 fit
1646 2783 1741 2826 quem
1754 2781 1794 2814 ad
1807 2782 1918 2821 polum

1084 2833 1119 2862 in
1143 2831 1262 2862 ratione
1282 2828 1439 2868 duplicati)¹
1461 2828 1613 2859 distantia*
1629 2827 1693 2867 poli
1714 2837 1733 2857 a
1750 2830 1856 2857 centro
1877 2823 1918 2855 ad

1085 2873 1247 2915 aequatoris
1267 2872 1554 2908 semi-diametrum,
1575 2880 1647 2912 quae
1663 2869 1743 2901 ratio
1757 2867 1849 2907 priori
1867 2876 1918 2902 ra-

1084 2917 1169 2947 tione
1190 2914 1321 2954 simplici
1342 2915 1443 2944 minor
1465 2920 1518 2951 est,
1542 2919 1627 2952 patet
1645 2913 1678 2942 in
1692 2920 1765 2942 casu
1782 2908 1918 2944 Telluris

1085 2958 1191 2990 versus
1205 2963 1346 2988 centrum
1357 2957 1505 2987 densioris
1519 2966 1557 2986 ex
1571 2954 1702 2995 uti-iique
1716 2952 1810 2983 simul
1823 2950 1918 2997 caus&

1086 3002 1151 3032 fleri
1166 3007 1202 3032 ut
1215 2999 1346 3040 gravitas
1360 2999 1398 3030 ad
1415 3005 1599 3039 aequatorem
1614 3007 1652 3027 ex
1672 2996 1752 3027 binis
1766 2994 1922 3034 prioribus

1086 3044 1254 3083 composita
1265 3042 1366 3072 minor
1375 3042 1414 3072 sit
1428 3041 1574 3082 gravitate
1582 3039 1623 3070 ad
1633 3038 1740 3078 polum
1757 3038 1788 3068 in
1800 3036 1919 3068 rationo

1089 3087 1208 3117 minore
1231 3085 1326 3127 quam
1350 3090 1396 3115 est
1418 3083 1496 3115 ratio
1519 3081 1672 3114 dimntiae
1692 3079 1756 3121 poli
1777 3090 1796 3111 a
1815 3083 1922 3110 ceum
