2092 3470
231 242 284 278 26
618 233 1068 278 PHILOSOPHIAE
1098 235 1458 278 NATURALIS
1502 236 1597 287 [DE
1615 235 1761 278 Mmm
1796 237 1918 279 Srs'r.

231 346 352 390 Luna
381 353 496 387 motu
526 347 637 387 omni
664 348 823 401 privata
852 348 1023 399 demitti,
1046 356 1092 390 ut
1111 349 1154 388 in
1175 348 1351 389 Terram
1366 349 1486 390 simul
1506 349 1679 400 cadant3
1711 358 1751 391 et
1779 352 1824 405 (ἴ)
1845 365 1921 405 per

222 421 310 475 jam
329 425 421 458 ante
442 423 602 458 ostensa
621 425 778 459 certum
799 427 860 459 est
880 419 992 474 quod
1012 419 1267 473 temporibus
1288 419 1513 474 aequalibus
1529 420 1762 462 describent
1782 435 1920 476 aequa-

226 490 283 531 lia
302 489 431 544 spatia
451 503 545 530 cum
565 488 708 539 Lun53
730 490 905 545 ideoque
921 490 1034 545 quod
1055 498 1149 531 sunt
1165 490 1218 530 ad
1239 490 1509 545 quantitatem
1530 492 1713 532 materiae
1728 491 1771 532 in
1783 492 1918 543 Luna,

226 570 273 604 ut
299 562 483 617 pondera
512 577 585 603 sua
614 562 667 603 ad
695 563 824 616 ipsius
850 562 1027 616 pondus.
1088 562 1222 602 Porro
1252 562 1447 617 quoniam
1467 562 1658 604 satellites
1679 563 1795 604 Jovis
1815 571 1918 605 tem-

225 634 393 689 poribus
413 634 677 675 revolvuntur
693 648 784 689 quae
806 641 901 674 sunt
919 634 963 673 in
983 633 1140 674 ratione
1162 633 1449 688 sesquiplicata
1470 633 1756 675 distantiarum
1776 651 1801 676 a
1824 651 1920 677 cen-

225 715 290 749 tro
309 706 436 757 Jovis,
471 707 522 762 (¹¹)
544 714 664 748 erunt
684 720 828 747 eorum
851 706 1072 762 gravitates
1093 705 1396 746 acceleratrices
1416 705 1460 746 in
1479 706 1627 747 Jovem
1646 705 1854 761 reciproce
1874 715 1922 749 ut

225 777 423 834 quadrata
452 777 735 818 distantiarum
764 791 789 816 a
815 783 954 817 centro
984 776 1099 817 Jovis
1111 791 1123 824 3
1154 784 1194 816 et
1219 783 1440 830 propterea
1458 776 1501 816 in
1521 775 1749 832 aequalibus
1770 793 1794 818 a
1813 778 1920 819 Jove

224 848 438 897 distantiis,
472 861 614 888 eorum
647 846 865 903 gravitates
896 845 1199 887 acceleratrices
1227 845 1448 887 evaderent
1472 846 1674 902 ‘aequales.
1737 847 1920 889 Proinde

223 919 475 973 temporibus
505 917 730 973 aequalibus
760 918 812 958 ab
831 917 1055 973 aequalibus
1085 918 1370 959 altitudinibus
1401 918 1600 969 cadendo,
1638 918 1921 961 describerent

223 990 396 1047 aequalia
426 989 581 1044 spatia3
612 989 784 1043 perinde
812 997 859 1029 ut
888 989 935 1030 fit
965 988 1008 1029 in
1035 989 1229 1044 gravibus
1250 989 1294 1030 in
1312 988 1390 1030 hac
1412 988 1545 1030 Terra
1565 989 1719 1031 nostra.
1780 991 1832 1045 (¹)
1865 990 1920 1032 Et

223 1061 370 1104 eodem
399 1067 642 1116 argumento
670 1059 849 1114 planetae
877 1059 1201 1110 circumsolares,
1233 1060 1285 1100 ab
1306 1060 1532 1115 aequalibus
1552 1075 1577 1100 a
1600 1060 1696 1102 Sole
1716 1060 1920 1102 distantiis

223 1133 402 1182 demissi,
429 1119 633 1173 *descensu
662 1147 737 1172 suo
756 1132 799 1172 in
822 1132 961 1173 Solem
981 1131 1208 1187 aequalibus
1228 1132 1482 1186 temporibus
1503 1132 1677 1187 aequalia
1698 1133 1829 1187 spatia
1847 1132 1919 1174 de-

224 1207 459 1248 scriberent.
521 1206 571 1259 (5)
594 1190 725 1246 ‘Vires
745 1211 893 1253 autem,
927 1205 1076 1260 quibus
1098 1219 1273 1259 corpora
1293 1204 1512 1260 inaequalia
1531 1204 1745 1259 aequaliter
1765 1205 1919 1246 accele-

221 1287 378 1329 rantur,
414 1285 509 1319 sunt
540 1285 586 1318 ut
620 1291 818 1332 corpora3
847 1276 928 1317 hoc
963 1285 1036 1326 est,
1069 1278 1256 1331 pondera
1288 1285 1336 1319 ut
1370 1278 1616 1334 quantitates
1655 1279 1838 1319 materiae
1876 1280 1920 1320 in

220 1349 408 1404 planetis.
470 1349 604 1389 Porro
624 1347 651 1388 J
653 1348 739 1387 ovis
761 1355 801 1388 et
821 1348 907 1402 ejus
929 1347 1146 1387 satellitum
1177 1347 1363 1400 pondera
1381 1348 1426 1387 in
1448 1348 1600 1397 Solem,
1630 1349 1918 1402 proportiona-

220 1420 275 1462 lia
308 1434 396 1460 esse
431 1418 724 1474 quantitatibus
758 1418 941 1458 materiae
976 1433 1133 1467 eorum,
1170 1425 1283 1471 patet
1314 1433 1367 1458 ex
1399 1426 1516 1459 motu
1548 1419 1767 1459 satellitum
1797 1434 1919 1474 quam

221 1490 400 1533 maxime
430 1491 611 1548 regulari
625 1507 636 1540 ;
666 1505 741 1545 per
774 1490 913 1532 Corol.
937 1497 974 1531 3.
1009 1490 1135 1544 Prop.
1163 1490 1304 1548 LXV.
1338 1490 1431 1531 Lib.
1464 1490 1500 1531 Ι.
1559 1490 1670 1530 Nam
1705 1490 1739 1531 si
1769 1489 1920 1532 horum

221 1562 348 1618 aliqui
378 1561 508 1618 magis
540 1561 799 1602 traherentur
819 1561 862 1600 in
897 1561 1048 1610 Solem,
1079 1575 1157 1615 pro
1186 1561 1416 1615 quantitate
1450 1561 1634 1601 materiae
1668 1575 1766 1610 suae,
1795 1560 1919 1616 quam
1964 1568 1967 1571 “

221 1632 384 1673 caeteri:
414 1638 549 1672 motus
570 1631 788 1689 satellitum
810 1633 901 1685 (per
924 1630 1065 1671 Corol.
1087 1636 1127 1670 2.
1152 1630 1278 1684 Prop.
1303 1630 1445 1671 LXV.
1468 1630 1562 1671 Lib.
1586 1629 1639 1682 I.)
1661 1645 1715 1671 ex
1729 1631 1918 1687 inaequa-

219 1702 332 1744 litate
361 1701 613 1742 attractionis
648 1701 1001 1755 perturbarentur.
1063 1700 1120 1751 Si,
1153 1701 1321 1755 paribus
1350 1716 1375 1742 a
1405 1701 1501 1742 Sole
1521 1701 1734 1751 distantiis,
1758 1703 1917 1744 satelles

220 1773 367 1829 aliquis
386 1772 551 1828 gravior
571 1780 678 1812 esset
697 1772 741 1812 in
765 1772 906 1813 Solem
926 1786 1003 1826 pro
1024 1771 1251 1827 quantitate
1278 1771 1460 1812 materiae
1481 1786 1579 1821 suae,
1611 1770 1734 1827 quam
1754 1772 1919 1827 Jupiter

219 1860 297 1901 pro
317 1845 543 1901 quantitate
562 1845 746 1885 materiae
767 1859 865 1893 suae,
887 1844 931 1884 in
952 1844 1111 1885 ratione
1132 1842 1375 1899 quacunque
1396 1841 1504 1892 data,
1525 1849 1626 1896 puta
1645 1842 1674 1882 d
1695 1843 1748 1884 ad
1769 1859 1813 1884 e:
1835 1843 1917 1885 dis-

219 1916 350 1958 tantia
376 1916 486 1956 inter
512 1922 699 1956 centrum
722 1914 828 1956 Solis
851 1921 891 1956 et
919 1921 1107 1955 centrum
1128 1912 1239 1954 orbis
1261 1912 1458 1962 satellitis,
1480 1913 1611 1967 major
1631 1905 1793 1967 semper
1811 1913 1918 1956 foret

220 1986 345 2044 quam
374 1986 567 2027 distantia
594 1985 701 2025 inter
721 1992 908 2026 centrum
929 1984 1038 2031 Solis
1060 1991 1101 2024 et
1121 1991 1307 2025 centrum
1327 1982 1442 2024 Jovis
1461 1982 1504 2023 in
1524 1982 1683 2023 ratione
1703 1983 1917 2038 subdupli-

221 2056 311 2100 cata
342 2056 468 2111 quam
496 2055 686 2110 proxime
698 2071 710 2104 3
743 2056 793 2109 (²)
824 2055 885 2096 uti
915 2053 1072 2095 calculo
1093 2053 1272 2109 quodam
1291 2053 1393 2093 inito
1415 2052 1567 2093 inveni.
1626 2053 1681 2094 Et
1701 2053 1735 2093 si
1754 2054 1915 2109 satelles

220 2130 367 2188 minus
386 2128 522 2184 gravis
553 2134 660 2169 esset
689 2127 733 2169 in
763 2126 902 2169 Solem
927 2126 971 2167 in
998 2125 1155 2167 ratione
1174 2123 1243 2165 illa
1264 2123 1292 2165 d
1313 2123 1365 2164 ad
1385 2137 1421 2174 e,
1443 2123 1633 2164 distantia
1652 2124 1781 2164 centri
1801 2124 1913 2179 orbis

263 2315 305 2357 (ἴ)
323 2317 341 2336 ¹*
358 2318 421 2347 Per
436 2316 509 2357 jam
528 2313 599 2348 ante}
620 2318 734 2348 ostensa
761 2315 869 2358 (Prop.
890 2314 951 2347 IV.
971 2314 1042 2346 Lib.
1088 2318 1211 2352 tempus
1233 2311 1420 2351 periodicum
1445 2310 1577 2350 planetae
1599 2314 1648 2358 ut·
1663 2312 1677 2339 1
1705 2309 1746 2340 ad
1768 2312 1791 2340 4
1807 2310 1853 2350 4!
1878 2314 1917 2347 2,,

223 2357 342 2398 hujus).
1087 2355 1170 2386 idem
1185 2354 1308 2394 planeta
1322 2352 1460 2384 cadendo
1477 2352 1580 2384 Solem
1595 2357 1766 2392 attingeret.

263 2400 308 2441 (²¹)
333 2402 350 2420 ¹*
374 2401 480 2432 Erunt
505 2413 609 2433 eorum
632 2402 791 2441 gravitates
814 2401 1040 2432 acceleratrices.
1130 2397 1177 2438 (Υ)
1195 2399 1212 2416 ”⁶
1237 2398 1317 2427 Vires
1341 2401 1444 2426 autem
1466 2396 1572 2443 quibas
1592 2402 1722 2434 corpora*
1737 2395 1908 2435 imqualia.

220 2441 298 2482 (Per
315 2443 384 2473 Cor.
404 2447 433 2473 2.
455 2444 546 2483 Prop.
559 2444 629 2484 V.).
1087 2439 1177 2481 (Def.
1198 2438 1300 2468 VIII.
1318 2443 1348 2468 et
1362 2443 1425 2467 not.
1448 2440 1494 2468 15.
1515 2437 1584 2466 L1b.
1606 2436 1648 2475 1.)

262 2484 309 2524 (¹)
333 2488 349 2503 *
374 2487 416 2516 Ee
440 2488 540 2517 eodem
563 2493 751 2525 argumento.
798 2485 968 2516 Gravitates
992 2494 1043 2514 ae·
1129 2480 1176 2521 (²)
1195 2482 1218 2513 .*
1242 2482 1293 2511 Uti
1307 2482 1418 2511 calculo
1434 2482 1563 2520 quodam
1576 2480 1648 2510 inito
1662 2479 1775 2510 inveni.
1821 2481 1839 2499 ¹⁵
1863 2478 1910 2522 Sit

219 2525 405 2557 celeratrices
422 2528 613 2567 planetarum
628 2529 661 2558 in
679 2528 781 2559 Solem
796 2534 868 2558 sunt
889 2525 1042 2565 reciproce
1088 2523 1109 2553 S
1134 2522 1197 2559 Sol,
1223 2522 1239 2552 I
1255 2522 1389 2561 Jupiter,
1412 2522 1442 2552 L
1467 2521 1586 2552 satelles
1610 2520 1731 2561 gravior
1747 2521 1781 2550 in
1805 2521 1910 2552 Solem

218 2574 255 2597 ut
268 2569 414 2608 quadrata
427 2570 639 2600 distantiarum
654 2581 672 2600 a
686 2577 790 2601 centro
807 2569 885 2600 Solis
919 2570 988 2600 Cor.
1008 2573 1037 2598 2.
1084 2563 1178 2605 quam
1199 2564 1323 2604 Jupiter
1342 2564 1465 2603 paribus
1483 2564 1517 2593 in
1539 2562 1689 2594 distantiis
1702 2563 1735 2592 in
1750 2563 1868 2602 ratione
1886 2562 1909 2594 d

222 2609 315 2649 Prop.
335 2611 394 2651 V.)
410 2618 441 2642 et
454 2611 613 2652 propterea
632 2613 663 2642 in
679 2613 847 2652 aequalibus
860 2622 879 2641 a.
918 2611 966 2641 ole
980 2611 1040 2641 dis-
1103 2631 1122 2662 d
1178 2631 1233 2662 fiat
1248 2631 1270 2662 S
1287 2632 1304 2662 Ι
1320 2631 1360 2662 ad
1377 2632 1398 2663 S
1411 2632 1422 2661 i
1437 2631 1516 2662 sicut
1565 2608 1578 2634 l
1626 2630 1665 2661 ad
1708 2609 1721 2635 l

219 2652 323 2682 tantiis
342 2663 449 2684 eorum
471 2656 632 2695 gravitates
646 2655 867 2685 acceleratrices
881 2654 1042 2684 evaderent
1084 2643 1102 2662 a
1138 2642 1162 2668 δ’
1531 2659 1572 2698 4(
1596 2657 1618 2687 d
1676 2660 1717 2697 μ
1743 2668 1762 2688 g

220 2694 360 2733 aequales,
372 2695 559 2737 proindeque
568 2698 756 2736 temporibus
770 2696 937 2736 aequalibus
951 2697 988 2725 ab
1001 2706 1041 2725 ae-
1084 2699 1166 2730 niam
1176 2699 1306 2740 gravitas
1315 2705 1361 2730 est
1368 2698 1486 2730 inverse
1494 2705 1528 2730 ut
1535 2697 1906 2740 ᾳῃῃᾱηωάῐςωῃιῖωω,

1779 2637 1811 2662 et
1828 2639 1906 2671 quo-

2077 2695 2082 2704 *
2079 2664 2082 2678 ·—
2076 2429 2092 2654 ntra-«usqam
2073 2350 2092 2421 „Liui-
2088 2311 2089 2314 „

219 2735 361 2775 qualibus
370 2738 581 2769 altitudinibus
590 2739 728 2770 cadendo
737 2738 938 2769 describerent
947 2738 1042 2775 spatia

221 2778 357 2817 aequalia.
386 2781 512 2816 Quanto
522 2787 626 2812 autem
637 2788 772 2820 tempore
784 2781 905 2820 planeta
915 2780 1043 2820 quilibet

220 2819 442 2851 circumsolaris
463 2823 548 2853 omni
577 2830 664 2855 motu
687 2822 885 2854 revolutionis
909 2822 1044 2862 privatus

221 2860 287 2891 sola
301 2861 330 2891 vi
344 2864 510 2902 centripeta
525 2865 720 2896 descenderet
733 2872 764 2896 et
778 2865 817 2896 ad
830 2865 933 2896 Solem
948 2875 1045 2905 usque

221 2903 391 2942 perveniret
405 2916 442 2936 ex
458 2906 530 2936 data
539 2908 604 2947 ejus
618 2919 636 2938 a
648 2908 718 2939 Sole
729 2907 871 2938 distantia
884 2906 1045 2937 innotescit

221 2955 276 2985 per
296 2952 360 2976 not.
380 2951 450 2978 401.
474 2948 543 2978 Lib.
566 2949 592 2979 1.
612 2950 739 2980 dimidio
764 2949 877 2980 scilicet
901 2949 1045 2988 temporis

220 2988 366 3026 periodIci
381 2999 442 3030 quo
456 2990 578 3028 planeta
592 2992 629 3021 ad
646 2992 818 3023 distantiam
833 2990 931 3031 duplo
945 2992 1045 3022 mino-

222 3039 287 3060 rem
310 3032 423 3062 revolvi
446 3038 556 3071 posset,
582 3033 643 3064 sive
669 3040 806 3074 tempore
826 3033 910 3076 quod
934 3039 979 3065 est
1006 3033 1046 3065 ad

1083 2742 1214 2782 gravitas
1228 2742 1261 2771 in
1275 2741 1377 2771 Solem
1392 2740 1431 2772 ad
1441 2741 1615 2772 distantiam
1629 2742 1650 2772 S
1665 2742 1681 2772 1
1691 2741 1748 2772 erit
1757 2739 1797 2772 ad
1806 2740 1907 2781 gravi-

1084 2790 1178 2814 tatem
1189 2783 1222 2813 in
1237 2783 1338 2814 Solem
1348 2783 1387 2813 ad
1397 2783 1571 2814 distantiam
1585 2784 1606 2814 S
1617 2783 1627 2813 i
1640 2789 1677 2814 ut
1686 2783 1754 2815 dud
1768 2792 1806 2819 e;
1822 2782 1907 2812 unde

1086 2825 1111 2855 si
1132 2825 1263 2866 gravitas
1283 2825 1369 2856 Jovis
1390 2825 1423 2855 in
1447 2825 1461 2855 1
1484 2825 1573 2864 positi
1587 2825 1626 2856 sit
1640 2831 1676 2856 ut
1690 2835 1716 2862 e,
1732 2830 1764 2855 et
1776 2824 1907 2864 gravitas

1088 2867 1223 2898 satellitis
1237 2867 1383 2908 gravioris
1397 2867 1428 2897 in
1437 2867 1565 2899 Letiam
1580 2867 1670 2907 positi
1683 2867 1721 2898 sit
1735 2872 1771 2897 ut
1784 2865 1813 2900 d,
1825 2865 1906 2906 ejus·

1088 2909 1160 2939 dem
1174 2909 1310 2940 satellitis
1324 2909 1456 2950 gravitas
1470 2909 1503 2939 in
1518 2910 1528 2939 i
1543 2910 1632 2949 positi
1647 2909 1703 2940 erit
1718 2914 1753 2939 ut
1765 2918 1794 2944 e,
1813 2917 1907 2948 quare

1087 2951 1144 2982 erit
1158 2951 1282 2991 aequalis
1296 2952 1437 2992 gravitati
1451 2951 1538 2983 Jovis
1552 2952 1585 2982 in
1606 2951 1623 2982 1
1644 2950 1753 2990 positi:
1772 2949 1908 2991 fingatur

1088 2993 1207 3023 satelles
1221 2993 1232 3023 1
1246 2993 1299 3034 qui
1314 2994 1393 3025 Jove
1406 3003 1463 3024 nec
1477 2993 1598 3034 gravior
1611 3002 1668 3024 nee
1682 2992 1776 3023 levior
1790 2992 1838 3029 sit,
1853 2991 1908 3032 qui

1087 3034 1292 3068 cimaovem
1308 3035 1326 3066 1
1340 3035 1490 3067 circulum
1503 3035 1651 3067 describat
1673 3034 1703 3066 A
1722 3034 1749 3066 C
1767 3034 1794 3065 P
1812 3034 1856 3072 D,
1877 3039 1909 3066 et
