2092 3470
158 233 306 275 Lffisn
320 222 562 293 Tristem]
619 220 941 272 PRINCI‘PIA
972 220 1464 271 MATHEMATICA.
1800 234 1856 272 83

156 345 321 387 dratum
340 344 543 387 distantiae
561 342 748 384 locorum
769 357 793 383 a
812 349 954 383 centro
974 340 1164 396 planetae.
1217 340 1273 381 Et
1291 340 1388 381 inde
1408 354 1660 396 consequens
1680 349 1743 382 est
1763 343 1856 396 (per

159 418 286 474 Prop.
308 416 481 459 LXIX.
513 415 608 457 Lib.
631 414 666 456 1.
687 421 729 455 et
748 402 835 469 ejus
858 412 1104 464 Corollaria)
1133 410 1376 468 gravitatem
1395 411 1440 451 in
1459 424 1600 452 omnes
1620 411 1855 467 proportio-

155 491 291 532 nalem
311 503 399 530 esse
418 488 603 530 materiae
621 487 665 528 in
684 487 843 528 iisdem.

213 563 347 605 Porro
377 560 472 603 cum
501 561 678 616 planetae
706 559 883 615 cujusvis
913 559 951 600 A
982 566 1118 613 partes
1141 571 1286 604 onmes
1317 567 1463 614 graves
1483 555 1564 596 sint
1587 555 1629 594 in
1648 556 1857 609 planetam

153 633 336 690 quemvis
367 633 418 682 B,
450 640 490 673 et
517 632 696 689 gravitas
724 630 854 686 partis
884 631 1082 685 cujusque
1111 628 1164 670 sit
1192 628 1247 669 ad
1265 627 1511 685 gravitatem
1529 626 1670 674 totius,
1702 634 1748 666 ut
1767 610 1856 668 rna·

152 705 258 746 teria
274 704 404 760 partis
423 704 478 745 ad
497 703 712 744 materiam
731 703 883 752 totius3
914 709 956 743 et
974 700 1126 742 actioni
1145 700 1259 741 omni
1278 700 1432 741 reaetio
1452 701 1545 754 (per
1562 696 1703 738 motas
1722 698 1857 755 legem

152 776 332 828 tertiam)
355 775 523 832 aequalis
544 775 621 824 sit3
642 775 808 831 planeta
829 774 867 816 B
886 774 930 814 in
949 781 1086 829 partes
1106 787 1250 814 omnes
1270 772 1448 828 planetae
1463 772 1506 812 A
1524 771 1702 812 vicissim
1721 771 1857 827 gravi-

152 846 335 896 tabia-et
354 846 433 887 erit
451 846 630 902 gravitas
652 861 727 887 sua
745 846 790 886 in
807 852 967 900 partem
988 858 1320 900 unamquamque
1340 842 1395 883 ad
1414 841 1657 899 gravitatem
1677 855 1793 882 suam
1813 842 1857 882 in

152 925 300 968 totum,
322 925 368 959 ut
386 917 557 958 materia
575 917 702 972 partis
723 916 778 957 ad
796 916 1011 957 materiam
1030 915 1169 956 totius.
1232 913 1287 963 Q.
1309 929 1345 955 e.
1366 913 1408 954 d.

213 990 344 1031 Corol.
371 994 406 1030 1.
439 987 585 1030 Oritur
613 988 739 1045 igitur
767 995 809 1028 et
837 986 1105 1042 componitur
1134 986 1314 1044 gravitas
1340 986 1384 1026 in
1409 984 1620 1040 planetam
1643 991 1777 1025 totum
1805 998 1867 1024 ex.

151 1060 352 1117 gravitate
381 1060 425 1100 in
452 1067 593 1114 partes
623 1058 818 1116 singulas.
880 1058 1010 1114 Cujus
1039 1057 1101 1098 rei
1132 1057 1321 1112 exempla
1348 1056 1548 1097 habemus
1577 1055 1624 1110 (⁰)
1645 1055 1689 1095 in
1709 1063 1858 1096 attrac-

152 1131 333 1173 tionibus
353 1130 593 1188 magneticis
614 1138 656 1171 et
675 1130 890 1172 electricis.
951 1128 1102 1171 Oritur
1117 1128 1228 1170 enim
1240 1128 1430 1170 attractio
1449 1127 1583 1168 omnis
1595 1127 1640 1166 in
1652 1134 1784 1167 totum
1806 1141 1860 1167 ex

152 1203 463 1245 attractionibus
483 1203 527 1243 in
546 1210 685 1258 partes
705 1201 900 1259 singulas.
963 1201 1014 1255 (²¹)
1039 1201 1124 1242 Res
1143 1200 1394 1256 intelligetur
1413 1199 1456 1239 in
1476 1199 1689 1255 gravitate,
1721 1198 1859 1239 conci-

152 1275 306 1332 piendo
333 1275 518 1330 planetas
543 1274 682 1329 plures
702 1274 882 1314 minores
901 1273 946 1313 in
964 1287 1095 1313 unum
1114 1272 1287 1328 globum
1310 1271 1422 1312 coire
1441 1278 1483 1311 et
1500 1269 1710 1325 planetam
1729 1269 1858 1324 majo-

151 1363 242 1390 rem
267 1361 529 1402 componere.
590 1346 701 1387 Nam
719 1345 780 1386 vis
800 1344 925 1386 totius
947 1359 1004 1385 ex
1022 1343 1181 1385 viribus
1201 1345 1383 1399 partium
1403 1341 1739 1397 componentium
1759 1341 1859 1382 oriri

153 1420 331 1463 debebit.
393 1421 441 1476 (Β)
476 1421 521 1463 Si
550 1418 640 1475 quis
669 1418 835 1474 objiciat
863 1416 979 1473 quod
1008 1430 1185 1471 corpora
1213 1417 1365 1467 omnia,
1399 1429 1492 1473 quae
1519 1414 1632 1469 apud
1650 1428 1727 1455 nos
1749 1421 1857 1464 sunt,

197 1557 242 1599 (ο)
261 1560 279 1578 ⁸
295 1560 338 1590 In
351 1557 581 1588 actv-actionibus
595 1557 773 1596 magnetica
786 1561 814 1586 et
827 1555 982 1591 decu-icit,
1026 1557 1111 1593 patet
1137 1552 1299 1584 minimam
1327 1563 1452 1595 quoque
1480 1559 1546 1585 etse
1573 1557 1718 1583 mutuam
1746 1550 1859 1580 horum

152 1601 207 1631 ubi
230 1606 265 1630 ut
285 1598 457 1639 plurimum
478 1597 541 1638 quo
562 1599 663 1638 majus
682 1605 727 1628 est
746 1598 910 1635 attrahens,
934 1595 982 1634 εό,
1027 1605 1191 1634 corporum
1214 1597 1426 1626 attractionem
1450 1601 1591 1636 respectu
1615 1593 1805 1625 attractionis
1827 1593 1860 1622 in

153 1643 271 1673 caeteris
285 1642 418 1682 paribus,
435 1641 534 1681 major
547 1646 593 1671 est
606 1641 755 1671 attractio.
1029 1637 1156 1668 Terram
1179 1645 1284 1668 totam.
1334 1638 1384 1669 Sic
1402 1639 1521 1678 sphaera
1544 1638 1648 1668 Terrae
1666 1636 1862 1675 homogene'a

196 1684 240 1727 (ἆ)
258 1687 274 1705 ”
295 1687 354 1716 Res
365 1686 548 1723 intelligetur
561 1685 596 1714 in
607 1685 764 1724 gravitate.
811 1682 903 1712 Vires
915 1692 986 1722 quae
1028 1680 1238 1721 diametroque
1260 1680 1346 1719 pedis
1365 1682 1460 1711 unius
1474 1681 1624 1719 descripta
1637 1679 1742 1708 minus
1761 1678 1862 1708 trahet

153 1733 228 1758 sunt
242 1733 278 1758 ut
291 1727 461 1757 materiain
474 1726 614 1756 omnium
626 1725 794 1756 formarum
807 1725 986 1764 corporibus
1028 1723 1247 1761 corpusculum
1279 1722 1372 1764 juxta
1410 1724 1604 1763 superficiem
1639 1730 1728 1751 suam
1765 1718 1860 1759 quam

153 1769 246 1810 atque
266 1768 337 1800 ideo
359 1779 422 1799 non
443 1774 606 1799 mutantur
625 1778 699 1799 cum
720 1768 837 1804 formis,
861 1767 985 1806 reperiri
1031 1765 1129 1796 Terra
1139 1764 1230 1805 juxta
1244 1776 1332 1795 suam
1347 1766 1380 1795 in
1395 1767 1513 1797 ratione
1527 1764 1667 1796 diametri
1681 1763 1809 1801 sphaerae
1820 1762 1860 1792 ad

153 1813 267 1843 debent
287 1813 320 1842 in
341 1811 518 1851 corporibus
539 1811 688 1842 universis
709 1810 902 1851 singulisque
920 1819 988 1840 cor·
1031 1807 1218 1838 diametrum
1249 1808 1353 1839 Terrae
1383 1809 1494 1851 (Prop-
1525 1807 1625 1839 LXX
1634 1805 1682 1836 11.
1710 1805 1782 1835 Lib.
1811 1804 1859 1844 I.)

154 1865 265 1895 porum
280 1855 426 1894 partibus,
443 1860 474 1884 et
489 1864 554 1885 esse
568 1854 809 1893 proportionales
823 1851 987 1893 quantitati
1030 1850 1089 1880 hoc
1117 1855 1163 1880 est
1190 1850 1223 1880 in
1249 1850 1367 1882 ratione
1393 1856 1406 1882 Ι
1435 1852 1475 1882 ad
1499 1852 1668 1883 39281566
1690 1846 1753 1877 sive
1781 1850 1794 1877 1
1820 1847 1861 1878 ad

154 1898 300 1934 materiae,
323 1897 396 1927 hinc
410 1896 456 1927 vis
469 1897 603 1936 corporis
617 1896 712 1926 totius
727 1906 764 1926 ex
781 1894 897 1925 viribus
917 1904 986 1934 par-
1031 1895 1202 1924 40000000
1222 1892 1348 1930 circiter,
1370 1904 1442 1935 quae
1462 1894 1582 1925 tantilla
1603 1892 1648 1922 vis
1668 1889 1774 1921 sentiri
1796 1899 1861 1920 non

153 1940 232 1970 tium
260 1940 512 1978 componentium
541 1939 612 1969 oriri
641 1938 772 1969 debebit.
822 1938 853 1968 Si
883 1938 986 1978 itaque
1029 1940 1138 1974 potest.

154 1982 363 2022 concipiamus
383 1982 494 2013 Jovem
510 1987 541 2012 et
555 1981 701 2012 satellites
715 1981 782 2022 ejus
795 1980 836 2010 ad
850 1990 882 2009 se
904 1980 983 2009 invi·
1074 1977 1121 2019 (ε)
1139 1980 1156 1997 ¹*
1177 1979 1208 2008 Si
1222 1980 1290 2019 quis
1303 1980 1428 2019 oln'iciat,
1444 1980 1500 2010 &a
1544 1979 1668 2019 Majora
1682 1974 1775 2005 etiam
1790 1984 1860 2013 quae

155 2034 223 2055 cem
248 2024 392 2055 accedere
418 2031 454 2054 ut
479 2024 607 2064 globum
631 2024 762 2054 unicum
786 2029 984 2062 componant,
1029 2018 1064 2049 in
1087 2018 1185 2051 Ten-ni
1206 2020 1326 2062 concipi
1344 2028 1476 2062 possunt
1491 2031 1618 2062 corpora
1631 2017 1716 2049 haud
1730 2026 1859 2058 magnos

154 2074 284 2108 pergent
299 2066 415 2107 singuli
430 2077 495 2097 sese
509 2065 621 2097 mutuo
635 2066 766 2102 trahere,
782 2072 814 2095 et
829 2064 986 2095 viceversa

156 2110 182 2141 si
202 2119 315 2148 corpus
328 2109 416 2140 Jovis
430 2109 632 2139 resolveretur
644 2108 679 2138 in
693 2108 802 2149 globos
815 2106 930 2146 plures,
951 2106 986 2137 hi

154 2162 278 2225 guoque
299 2151 394 2193 globi,
418 2151 585 2182 satellitum
597 2150 704 2186 instar,
719 2160 784 2180 sese
797 2146 910 2180 mutuo
924 2154 986 2179 tra-

177 2202 272 2226 erent.

197 2239 249 2269 6⁷.
278 2236 373 2268 Globi
394 2236 547 2277 cujusque
567 2235 614 2266 vis
627 2235 767 2266 absoluta
780 2240 825 2265 est
839 2240 876 2265 ut
889 2243 987 2274 quan-

155 2279 226 2310 titas
238 2281 374 2310 materiae
388 2278 421 2309 in
436 2279 544 2309 eodem
559 2278 674 2319 globo;
697 2278 742 2307 vis
756 2283 860 2308 autem
874 2276 988 2306 mou-ix

155 2321 219 2363 qua
239 2322 351 2363 globus
371 2321 585 2362 unusquisque
599 2320 731 2351 trahitur
743 2320 776 2349 in
792 2320 934 2355 alterum,
956 2324 988 2349 et

155 2375 226 2405 quae
247 2364 391 2404 ponderis
412 2365 537 2394 nomine
556 2362 652 2404 vulgo
675 2362 861 2403 designatur,
886 2367 931 2392 est
951 2367 988 2391 ut

156 2414 336 2438 contentum
358 2408 416 2437 sub
437 2406 660 2446 quantitatibus
674 2405 812 2435 materiae
831 2404 864 2433 in
888 2403 989 2444 globis

158 2449 281 2480 duobus
298 2450 485 2488 applicatum
507 2448 547 2479 ad
565 2447 750 2489 quadratum
764 2447 918 2477 distantiae
939 2446 986 2475 in·
1019 2447 1021 2449 '

157 2498 205 2522 ter
218 2498 323 2523 centra
337 2494 407 2534 (per
422 2492 494 2522 Cor·
511 2495 541 2521 4.
558 2491 651 2530 Pmp.
672 2489 838 2521 LXXVI.
858 2489 927 2519 Lib.
944 2487 987 2528 1.)

158 2540 192 2565 et
203 2534 278 2565 huic
291 2534 322 2564 vi
335 2533 569 2573 proportionalis
583 2540 629 2564 est
642 2532 796 2574 quantitas
809 2530 912 2562 motus
926 2529 990 2571 qua

159 2577 272 2618 globus
291 2582 421 2617 uterque
439 2576 512 2607 dato
526 2582 662 2615 tempore
676 2575 850 2605 movebitur
863 2574 897 2604 in
912 2574 989 2604 alte-

159 2629 231 2650 rum
257 2618 350 2661 (Der.
368 2618 472 2649 vul.
491 2618 562 2649 Lib.
582 2618 629 2659 1.)
652 2618 699 2648 vis
713 2624 818 2648 autem
839 2617 990 2647 accelera-

160 2662 221 2692 trix
233 2661 296 2703 quii
308 2661 421 2702 globus
434 2661 646 2701 unusquisque
658 2670 715 2699 pro
725 2660 842 2691 ratione
852 2658 989 2689 materiae

160 2714 232 2745 que
251 2703 414 2734 attrahitur
434 2703 468 2733 in
484 2703 615 2734 alterum
634 2709 682 2734 est
701 2709 738 2733 ut
754 2702 908 2743 quantitas
922 2711 989 2731 ma-

160 2747 246 2778 terie
267 2746 302 2777 in
326 2746 420 2787 globo
442 2745 538 2776 altero
559 2745 712 2786 applicata
735 2745 777 2775 ad
803 2744 990 2785 quadratum

161 2789 315 2820 aisantias
348 2789 428 2818 inter
463 2794 567 2819 centra
608 2790 678 2830 (per
715 2788 787 2818 Cor.
825 2791 854 2817 2.
891 2786 987 2824 Prop-

163 2831 335 2862 LXXVI.
359 2830 430 2861 Lib.
448 2830 489 2869 l.)
511 2837 542 2860 et
559 2830 634 2861 huic
646 2831 677 2860 vi
690 2829 925 2869 proportionalis
943 2834 990 2858 est

162 2874 306 2905 velocitas
319 2872 383 2914 qua
400 2872 511 2913 globus
525 2878 671 2903 atu-acuns
683 2873 756 2903 dato
770 2879 908 2910 tempore
922 2881 991 2901 mo-

164 2916 284 2947 vebitur
297 2916 331 2946 in
345 2915 476 2946 alterum
493 2915 584 2956 (Def.
604 2915 688 2945 VII.
709 2915 779 2945 Lib.
799 2914 858 2954 1.).
904 2913 991 2943 Hinc
1036 2911 1164 2943 effectus
1177 2907 1357 2949 producent.
1405 2906 1452 2937 Sit
1476 2906 1560 2937 enim
1582 2907 1614 2938 Ε
1630 2907 1671 2939 Μ
1686 2909 1721 2940 Ν
1734 2910 1767 2941 R
1792 2911 1867 2942 Tel.

167 2968 330 2997 corporum
347 2958 516 2989 coelestium
533 2963 637 2987 motus
655 2957 735 2987 inter
752 2967 784 2987 se
803 2963 933 2997 possunt
949 2955 993 2985 fa·
1035 2954 1096 2991 lus,
1111 2953 1201 2993 cujus
1215 2957 1354 2982 centrum
1369 2949 1406 2985 C,
1422 2959 1518 2989 eaque
1532 2956 1665 2988 ponatur
1678 2953 1827 2992 spherica
1837 2959 1868 2986 et

165 3000 226 3031 eile
238 3000 444 3031 determinari.
493 3000 578 3036 Quia
592 2997 664 3030 vero
678 3005 817 3038 respectu
830 3000 935 3030 Terrae
948 3004 995 3028 ω-
1038 2998 1240 3036 homogenea.
1302 2993 1348 3023 Sit
1375 3002 1486 3031 corpus
1514 2992 1702 3035 ubicumque
1729 2996 1807 3036 puta
1834 2997 1869 3027 in

166 3043 230 3074 tius
253 3042 368 3084 exigua
391 3042 562 3075 admodum
588 3048 662 3074 sunt
685 3051 812 3082 corpora
833 3041 995 3077 terrestria,
1041 3039 1110 3070 loco
1127 3039 1166 3075 B,
1190 3035 1311 3068 sublato
1324 3035 1411 3065 omni
1431 3033 1662 3077 impedimento,
1677 3038 1719 3070 ad
1734 3039 1872 3070 Telluris
