2092 3470
266 235 350 272 214
663 230 751 274 DE
781 232 984 276 CAUSA
1015 232 1287 277 PHYSICA
1319 235 1568 280 FLUXUS

264 340 618 396 perpendiculare,
650 342 687 384 P
714 343 914 398 particula
933 344 1087 399 quaevis
1108 344 1280 394 Terrae3
1311 345 1444 403 sitque
1474 347 1510 389 P
1532 347 1584 389 M
1612 348 1964 403 perpendicularis

264 414 307 453 in
337 413 508 468 planum
539 414 576 455 B
603 414 646 455 b.
719 415 1005 470 Repraesentet
1034 415 1072 456 L
1094 416 1135 457 T
1163 417 1405 472 gravitatem
1438 419 1584 461 Terrae
1616 420 1867 462 mediocrem
1899 420 1966 462 vel

263 485 508 540 particulae
496 500 539 526 m
558 493 701 528 centro
721 486 763 528 T
780 487 927 544 positae
946 501 1088 528 versus
1110 487 1286 538 Lunam,
1309 498 1492 532 sumatur
1512 491 1551 532 L
1565 491 1607 535 K
1627 492 1680 534 ad
1702 491 1740 534 L
1762 491 1816 543 Τ,
1837 499 1885 534 ut
1902 499 1966 534 est

263 555 303 597 L
320 555 362 597 T
375 555 392 579 ²
410 555 464 598 ad
484 555 523 598 L
546 556 625 607 P,
597 556 613 580 ²
648 557 806 613 eritque
826 565 938 599 recta
959 557 997 598 L
1019 557 1061 598 K
1081 571 1274 599 mensura
1292 559 1469 614 gravita-

263 626 315 668 tis
335 628 550 681 particulae
566 629 660 671 Pin
681 629 857 671 Lunam.
903 629 1094 670 Ducatur
1110 628 1152 669 K
1170 629 1210 670 G
1233 637 1356 671 rectae
1379 630 1415 671 P
1429 630 1470 674 T

261 697 468 751 parallela,
491 707 760 755 occurratque
781 699 819 740 L
840 699 882 741 T
900 699 1127 754 productae,
1151 698 1186 739 si
1205 713 1309 753 opus
1330 707 1404 750 est,
1426 699 1470 742 in

263 766 318 817 G,
341 776 383 809 et
401 769 627 811 resolvetur
646 770 707 811 vis
729 771 767 811 L
790 770 831 811 K
851 770 894 811 in
914 770 1019 811 vires
1044 770 1085 811 K
1108 770 1150 812 G
1171 780 1211 811 et
1230 760 1347 821 L'G‚
1370 786 1471 826 qua-

259 853 353 880 rum
377 840 492 894 prior
522 849 640 897 urget
668 841 913 895 particulam
936 842 971 882 P
991 840 1132 882 versus
1153 849 1341 884 centrum
1362 842 1469 885 Ter·
1539 867 1580 904 K

258 924 331 961 rae,
365 919 505 967 estque
534 911 618 953 fere
643 913 812 968 aequalis
837 912 917 967 ipsi
945 912 981 954 P
1002 912 1065 962 T;
1100 913 1339 967 posterioris
1373 928 1471 968 pars.

261 980 303 1022 T
324 981 362 1022 L
396 982 585 1023 omnibus
619 983 828 1038 particulis
862 983 1103 1034 communis,
1135 991 1176 1025 et
1203 984 1280 1025 sibi
1307 999 1469 1039 semper

258 1053 466 1108 parallela,
487 1061 645 1095 motum
665 1069 783 1110 aquae
802 1069 888 1096 non
912 1054 1074 1103 turbat3
1103 1053 1232 1098 altera
1252 1055 1350 1097 vero
1370 1071 1467 1111 pars

261 1124 303 1166 T
323 1123 367 1166 G
387 1133 448 1166 est
467 1123 591 1180 quam
608 1124 798 1179 proxime
818 1126 987 1182 aequalis
1007 1126 1085 1181 ipsi
1107 1132 1131 1167 3
1155 1126 1191 1167 Ρ
1212 1126 1277 1170 Μ.
1335 1128 1359 1152 *
1381 1127 1466 1171 Im·
1528 1158 1564 1200 3)

259 1194 402 1249 primis
433 1195 560 1252 igitur
595 1196 864 1251 quaerendum
894 1205 955 1240 est
983 1211 1174 1255 quaenam
1204 1197 1353 1242 debeat
1381 1213 1473 1242 esse

259 1266 393 1322 figura
414 1266 559 1308 Terrae
578 1267 716 1309 fluidae
737 1268 852 1326 cujus
871 1267 1084 1322 particulae
1098 1267 1240 1309 versus
1262 1283 1304 1310 se
1323 1267 1471 1310 mutuo.
1532 1319 1539 1331 ‘

258 1339 462 1394 gravitant
480 1338 633 1379 viribus
654 1338 698 1379 in
717 1338 879 1380 inversa
895 1339 1181 1383 distantiarum
1202 1340 1373 1389 ratione,
1391 1339 1469 1380 du-

257 1409 407 1465 plicata
430 1409 774 1460 decrescentibus,
798 1425 973 1466 quaeque
993 1411 1115 1452 simul
1140 1411 1346 1467 agitantur
1366 1411 1469 1454 dua-

259 1480 336 1521 bus
356 1480 510 1522 viribus
528 1481 750 1532 extraneis,
773 1495 947 1537 quarum
967 1482 1096 1523 altera
1114 1480 1257 1523 versus
1278 1490 1468 1526 centrum

260 1550 302 1592 T
316 1550 519 1608 dirigitur,
537 1559 680 1608 estque
699 1568 863 1608 semper
878 1561 923 1595 ut
940 1554 976 1595 P
990 1554 1031 1595 T
1045 1552 1239 1594 distantia
1253 1553 1468 1607 particulae

259 1637 284 1661 a
303 1630 457 1673 centro,
480 1623 607 1664 altera
626 1624 712 1680 agit
731 1624 774 1664 in
794 1631 907 1665 recta
924 1625 1003 1679 ipsi
1025 1625 1066 1666 T
1088 1624 1126 1666 L
1152 1624 1361 1678 parallel&
1386 1631 1468 1665 est—

260 1707 340 1748 que
369 1693 423 1734 ad
450 1694 632 1748 priorem
660 1702 707 1736 ut
736 1701 760 1738 3
786 1694 821 1736 Ρ
843 1695 895 1738 Μ
924 1695 977 1738 ad
1009 1696 1045 1736 P
1073 1695 1125 1736 T.
1188 1695 1469 1741 Ostendemusv

259 1771 397 1804 autem
429 1763 620 1806 Sectione
648 1766 834 1820 sequenti
867 1765 1045 1822 figuram
1075 1766 1197 1822 hujus
1231 1766 1348 1807 fluidi
1382 1780 1472 1808 esse

259 1834 447 1877 accurate
468 1834 743 1891 sphaeroidem
763 1851 856 1892 quae
875 1837 1061 1893 gignitur
1080 1838 1336 1879 revolutione
1355 1837 1546 1892 ellipseos
1566 1836 1676 1880 circa
1695 1853 1817 1880 axem
1831 1846 1966 1887 trans,-

259 1922 435 1959 vemum,
469 1909 504 1949 si
534 1909 668 1950 Terra
697 1917 954 1964 supponatur
983 1910 1242 1959 uniformiter
1275 1910 1426 1959 densa3
1471 1917 1598 1965 atque
1629 1909 1728 1952 hinc
1763 1910 1966 1952 calculum

259 1982 394 2040 motus
414 1983 537 2024 maris
557 1999 609 2024 ex
628 1984 808 2026 motibus
830 1982 1064 2027 coelestibus
1085 1984 1289 2030 deducere
1310 1983 1563 2025 conabimur.

326 2053 642 2096 Observandum
662 2062 799 2096 autem
820 2054 919 2095 alias
940 2069 1082 2098 causas
1102 2055 1340 2109 conspirare
1360 2053 1414 2095 ad
1433 2061 1569 2096 motus
1589 2052 1713 2094 maris
1732 2053 1967 2108 producen-

265 2123 340 2165 dos
374 2139 469 2165 cum
499 2124 693 2180 inaequali
725 2124 925 2181 gravitate
958 2125 1138 2179 partium
1173 2125 1320 2166 Terrae
1351 2122 1492 2166 versus
1530 2123 1695 2164 Lunam
1729 2130 1770 2164 et
1811 2123 1964 2165 Solem.

263 2196 406 2238 Motus
428 2197 572 2238 Terrae
593 2197 765 2239 diurnus
786 2197 895 2238 circa
914 2211 1035 2240 axem
1055 2212 1175 2239 suum
1194 2196 1316 2238 variis
1336 2195 1472 2237 modis
1493 2202 1640 2236 aestum
1658 2194 1783 2235 maris
1803 2193 1965 2241 afficere

261 2268 438 2318 videtur,
458 2276 613 2324 praeter
632 2268 747 2310 illum
769 2283 793 2309 a
813 2267 1017 2309 Newtono
1037 2275 1322 2317 memoratum,
1344 2281 1427 2324 quo
1446 2274 1569 2307 aestus
1590 2263 1644 2305 ad
1669 2263 1816 2305 horam
1844 2263 1964 2305 luna-

257 2353 345 2380 rem
365 2339 585 2380 secundam
605 2347 676 2381 aut
695 2339 857 2380 tertiam
877 2338 1122 2382 retardatur.
1184 2344 1223 2382 1.
1256 2338 1403 2382 AEstus
1431 2337 1480 2378 fit
1507 2334 1632 2391 paulo
1654 2336 1785 2390 major
1805 2334 1860 2376 ob
1880 2335 1963 2376 vim

257 2410 532 2467 centrifugam
561 2418 604 2452 et
632 2411 809 2467 figuram
831 2410 1168 2466 sphaeroidicam,
1200 2426 1253 2452 ex
1270 2403 1397 2451 'motu
1427 2409 1573 2451 Terrae
1599 2408 1832 2457 oriundam,
1865 2406 1962 2449 cum

256 2480 346 2521 haec
365 2481 426 2528 vis
445 2480 571 2535 paulo
591 2482 721 2536 major
740 2481 889 2523 evadat
908 2481 951 2521 in
971 2481 1159 2535 partibus
1177 2480 1301 2523 maris
1322 2479 1535 2521 altioribus
1557 2477 1679 2534 quam
1699 2478 1742 2518 in
1757 2477 1962 2533 depressi-

260 2551 413 2592 oribus.
474 2556 513 2592 2.
547 2550 657 2592 Cfim
685 2552 810 2592 maris
841 2559 965 2592 aestus
984 2551 1113 2595 fertur
1132 2551 1198 2592 vel
1217 2566 1240 2591 a
1261 2549 1432 2591 meridie
1452 2547 1594 2590 versus
1625 2548 1957 2603 septentrionem,

255 2623 320 2663 vel
349 2621 492 2664 contra
521 2638 546 2663 a
575 2623 854 2677 septentrione
873 2621 1014 2664 versus
1038 2622 1264 2672 meridiem,
1295 2620 1439 2662 incidit
1458 2620 1502 2660 in
1521 2635 1661 2676 aquas,
1685 2634 1778 2675 quoe
1797 2618 1957 2660 diversa

257 2693 475 2734 velocitate
505 2692 613 2733 circa
642 2707 762 2733 axem
792 2692 939 2735 Terrae
966 2693 1247 2742 revolvuntur,
1279 2699 1402 2747 atque
1430 2690 1527 2731 hinc
1556 2699 1693 2731 motus
1712 2703 1840 2731 novos
1860 2689 1958 2730 cieri

254 2779 421 2807 necesse
442 2773 514 2815 est,
538 2773 583 2806 ut
601 2773 746 2820 postea
766 2765 962 2807 dicemus:
1026 2764 1160 2806 Porro
1181 2762 1407 2806 secundum
1427 2762 1630 2804 theoriam
1650 2760 1874 2819 gravitatiS,
1893 2761 1954 2803 vis

257 2834 336 2889 qua
368 2835 581 2889 particulae
610 2836 734 2876 maris
763 2844 964 2893 urgentur
980 2834 1134 2881 ,versus
1164 2835 1339 2876 Terram
1360 2833 1546 2883 solidam,
1579 2837 1689 2889 (quae
1709 2830 1813 2888 aqua
1833 2831 1957 2889 longe

255 2903 419 2945 densior
447 2906 524 2958 est)
558 2914 724 2961 superat
753 2906 837 2947 vim
867 2904 948 2962 qua
976 2903 1116 2946 versus
1146 2919 1295 2960 aquam
1325 2911 1539 2961 urgentur.
1599 2903 1718 2943 Vires
1748 2902 1831 2943 illae
1860 2909 1958 2944 sunt

295 3017 312 3035 0
343 3015 400 3045 Vis
425 3017 488 3046 hoec
511 3017 605 3056 paulo
631 3019 728 3060 major
753 3025 799 3050 est
823 3018 849 3048 si
871 3018 1022 3058 particula
1053 3018 1082 3048 P
1124 3025 1209 3067 parte
1226 3018 1328 3048 Lunae
1343 3018 1458 3057 aversfi,
1471 3016 1556 3049 unde
1569 3014 1679 3048 merito
1692 3015 1822 3047 habetur
1831 3013 1958 3056 aequalin

252 3056 291 3088 sit
312 3056 344 3086 in
366 3064 450 3097 purte
471 3059 575 3089 Terra:
604 3061 704 3091 Lunoe
726 3059 861 3099 obverse,
884 3061 985 3093 minor
1004 3060 1027 3092 si
1049 3061 1082 3091 in
1123 3060 1181 3101 ipsi
1197 3064 1216 3091 3
1235 3060 1263 3091 P
1281 3061 1327 3091 Μ.
