2092 3470
289 206 408 234 xxxu
818 232 819 235 ,
921 190 1365 253 iN‘I‘RODUcho
1751 193 1879 246 [CAR.
1902 193 1999 241 111..

287 305 317 346 h
345 304 398 354 L,
432 303 669 344 distantiam
698 312 964 358 apparentem
993 303 1100 344 inter
1127 303 1346 358 parallelos
1377 304 1557 346 siderum
1587 300 1765 349 duorum
1798 319 1892 361 quae
1926 313 1991 348 est
2047 336 2055 345 .

287 373 518 417 differentia
552 372 835 415 declinationis
870 373 1064 423 siderum,
1101 373 1390 415 obtinebimus.
1452 374 1536 416 Sed
1566 374 1602 416 si
1626 375 1856 417 differentia
1885 383 2004 428 tem·⁴
2026 399 2028 401 ν

286 445 400 501 poris
429 444 537 486 inter
564 444 780 500 utriusque
811 443 957 485 sideris
987 443 1206 484 transitum
1231 457 1306 497 per
1334 442 1452 484 filum
1479 445 1749 487 transversale
1769 446 1813 487 in
1831 445 1989 489 minuta

286 522 372 567 tam
400 514 535 570 primfi
565 513 689 570 quam
718 512 897 555 secunda
926 512 1081 570 gradus
1116 520 1378 555 convertatur
1415 514 1505 569 (16)
1541 514 1813 558 differentiam
1846 531 1988 559 ascen-

286 586 484 627 sionalem
505 585 690 627 siderum
708 585 965 627 habebimus.

304 704 306 706 ,
343 662 412 699 40.
449 656 561 698 Haec
595 657 825 698 observatio
861 655 1058 711 supponit
1088 654 1248 696 nullum
1282 670 1370 697 esse
1406 655 1548 698 sideris
1581 664 1740 699 motum
1772 659 1988 715 proprium

285 726 523 782 nullamque
551 727 810 782 parallaxim.
875 727 920 769 Si
948 727 1061 768 sidus
1090 734 1251 768 motum
1269 727 1486 782 proprium
1504 728 1666 780 habeat,
1689 729 1805 771 illum
1824 740 1988 786 oportet

285 811 340 840 ex
368 798 723 839 observationibus
744 797 1018 839 determinare
1040 797 1177 855 quoad
1197 797 1513 840 declinationem
1533 808 1575 841 et
1594 801 1875 843 ascensionem
1900 817 1995 846 rec-.

284 878 371 911 tam
398 867 589 924 illiusque
616 870 819 911 rationem
838 870 1003 912 habere.
1081 870 1180 920 Quo
1200 880 1383 926 peracto,
1407 872 1441 913 si
1461 872 1598 929 aliqua
1617 873 1669 915 sit
1689 874 1834 916 sideris
1852 875 1990 930 paral-

283 942 389 984 laxis
418 942 571 997 poterit
600 941 658 983 ita
685 943 870 998 reperiri.
932 943 1188 985 Observetur
1209 943 1353 985 sideris
1373 944 1426 986 ad
1444 945 1990 1002 meridianum.appellentis
2018 979 2025 989 .

286 1015 471 1057 ascensio
501 1023 614 1056 recta
644 1030 737 1071 quae
765 1015 967 1071 parallaxi
996 1015 1179 1056 obnoxia
1208 1030 1293 1056 non
1325 1024 1387 1057 est
1423 1017 1528 1072 (33),
1560 1026 1602 1059 et
1629 1017 1859 1059 differentia
1883 1019 1991 1060 inter
2025 1036 2031 1038 f

283 1085 396 1127 hanc
425 1085 708 1127 ascensionem
735 1094 890 1128 rectam
920 1086 1065 1128 sideris
1091 1087 1135 1127 in
1170 1086 1398 1129 meridiano
1419 1089 1629 1131 existentis
1650 1098 1691 1131 et
1711 1090 1992 1132 ascensionem

285 1166 441 1200 rectam
469 1159 653 1214 ejusdem
680 1159 824 1201 sideris
853 1160 948 1201 alibi
981 1160 1193 1201 existentis
1214 1160 1486 1211 observatam,
1510 1162 1588 1204 erit
1607 1162 1830 1217 parallaxis
1850 1177 1992 1204 ascen-

287 1230 413 1273 sionis
433 1240 558 1275 rectae
579 1247 632 1274 ex
653 1231 732 1289 qua
748 1218 969 1287 parallaxis
990 1232 1216 1273 altitudinis
1236 1232 1410 1274 inveniri
1428 1233 1592 1288 poterit.
1659 1234 1721 1276 Sit
1740 1233 1851 1275 enim
1886 1233 1934 1276 H
1951 1234 1993 1276 R

283 1304 470 1355 horizon,
503 1305 553 1346 H
575 1305 609 1346 Z
631 1305 671 1346 R
690 1305 955 1354 meridianus,
989 1304 1023 1345 Z
1044 1303 1195 1353 zenith,
1230 1304 1266 1345 P

285 1377 407 1431 polus
436 1376 595 1426 mundi,
627 1377 661 1417 Z
685 1378 714 1419 S
736 1377 774 1417 E
795 1376 836 1416 V
856 1375 1033 1422 circulus
1053 1375 1269 1425 verticalis,
1366 1382 1369 1385 '
1599 1373 1625 1404 Ζ
1778 1398 1817 1437 1,

290 1449 320 1491 S
342 1448 454 1490 sidus
475 1449 738 1490 observatum
756 1448 800 1488 in
820 1447 913 1490 loco
936 1447 966 1489 S
988 1453 1030 1488 et
1049 1444 1200 1488 deinde
1228 1446 1273 1487 in
1642 1412 1779 1549 Ὗ

286 1521 530 1572 meridiano,
563 1521 601 1562 E
629 1521 744 1562 locus
775 1520 919 1562 sideris
945 1518 1070 1568 visus,
1102 1518 1133 1560 S
1158 1518 1273 1560 locus
1729 1458 1782 1611 l

287 1606 422 1642 verus,
452 1599 494 1633 et
519 1591 615 1633 ideo
645 1593 675 1634 S
703 1592 741 1633 E
767 1590 1003 1646 parallaxis·
1021 1589 1271 1639 altitudinis3

291 1664 322 1705 S
344 1663 380 1704 P
400 1670 442 1704 et
467 1662 503 1704 P
525 1662 563 1704 E
596 1662 739 1704 circuli
767 1661 1063 1704 declinationis.
1122 1661 1273 1717 Datur,
1334 1644 1374 1681 H
1718 1686 1760 1719 v
1937 1663 1981 1700 R
2048 1683 2059 1693 κ

291 1738 385 1790 (per
404 1735 523 1791 Hyp.
529 1735 543 1788 )
566 1735 742 1793 angulus
766 1736 795 1778 S
818 1735 854 1777 P
875 1735 927 1785 E,
949 1735 1065 1790 cujus
1085 1748 1277 1775 mensura

289 1813 352 1847 est
379 1806 602 1861 parallaxis
623 1806 872 1848 ascensionis
893 1813 1018 1847 rectae
1038 1804 1182 1847 sideris
1202 1804 1433 1846 observata.
1492 1803 1632 1847 Datur
1651 1804 1775 1846 etiam
1795 1811 1998 1860 punctum

292 1878 397 1919 illud
427 1879 540 1935 quod
570 1887 630 1921 est
658 1879 894 1920 intersectio
922 1877 1142 1934 aequatoris
1172 1884 1214 1918 et
1238 1875 1458 1918 meridiani
1483 1883 1669 1932 tempore
1698 1876 1997 1919 observationis

237 1953 241 1957 '
291 1949 436 1991 sideris
466 1950 510 1991 in
538 1950 589 2001 E,
611 1950 860 2006 apparentis,
884 1949 996 1991 unde
1016 1949 1193 1991 habetur
1212 1963 1332 1990 arcus
1353 1946 1572 2004 aequatoris
1592 1948 1707 1997 inter*
1721 1947 1999 1990 meridianum

293 2022 334 2063 R
357 2023 392 2064 Z
414 2022 463 2064 H
483 2031 524 2065 et
543 2023 743 2064 circulum
764 2023 1048 2065 declinationis
1080 2022 1116 2064 P
1138 2022 1175 2063 E
1197 2021 1447 2076 interceptus
1468 2019 1539 2076 qui
1560 2026 1622 2060 est
1642 2033 1840 2060 mensura
1857 2018 1999 2076 anguli

293 2093 327 2134 Z
358 2093 394 2134 P
425 2093 476 2135 E.
538 2093 681 2144 Quare
711 2095 754 2135 in
783 2094 992 2151 triangulo
1024 2093 1058 2134 Z
1090 2093 1126 2134 P
1157 2092 1208 2142 Ε,
1242 2091 1393 2133 dantur
1411 2090 1518 2131 latus
1543 2089 1576 2130 Z
1600 2089 1636 2130 P
1656 2088 1850 2129 distantia
1867 2088 1955 2144 poli
1973 2103 2000 2130 a

292 2163 458 2214 vertice,
491 2172 534 2206 et
561 2165 668 2206 latus
698 2165 731 2206 Z
760 2164 798 2206 E
826 2163 1017 2206 distantia
1043 2163 1130 2204 visa
1159 2162 1303 2204 sideris
1324 2177 1349 2202 a
1367 2159 1520 2202 vertice
1541 2173 1635 2200 cum
1657 2157 1810 2214 angulo
1831 2157 1866 2199 Z
1888 2157 1925 2199 P
1946 2158 1997 2200 E.

292 2233 530 2277 Innotescet
564 2236 689 2293 igitur
723 2236 899 2293 angulus
937 2235 972 2276 P
996 2235 1030 2276 Z
1059 2234 1111 2284 E,
1134 2234 1186 2275 ab
1219 2233 1371 2290 angulo
1402 2232 1436 2274 Z
1459 2231 1495 2273 P
1515 2230 1566 2281 E,
1597 2229 1850 2271 subducatur
1876 2229 1998 2272 datus

294 2307 324 2347 S
345 2306 381 2348 P
402 2307 452 2357 E,
476 2315 518 2349 et
537 2308 701 2350 dabitur
722 2308 897 2365 angulus
919 2308 953 2349 Z
976 2307 1012 2348 P
1034 2307 1076 2350 S.
1129 2306 1324 2362 Denique
1344 2305 1388 2346 in
1407 2302 1613 2359 triangulo
1635 2302 1670 2343 Z
1691 2302 1728 2344 P
1751 2302 1793 2352 S,
1818 2316 1871 2344 ex
1891 2301 1998 2344 datis

291 2377 451 2433 angulis
481 2378 517 2420 P
540 2378 574 2419 Z
598 2379 627 2420 S
653 2386 694 2420 et
726 2378 759 2420 Z
783 2378 818 2419 P
842 2379 885 2428 S,
908 2392 1003 2418 cum
1022 2377 1149 2418 latere
1172 2376 1206 2417 Z
1229 2375 1277 2424 P,
1301 2373 1466 2415 dabitur
1484 2372 1592 2413 latus
1615 2372 1649 2414 Z
1673 2372 1716 2422 S,
1738 2386 1835 2416 ,vera
1854 2371 1998 2413 sideris

292 2463 317 2488 a
336 2448 490 2489 vertice
519 2448 714 2490 distantia
746 2463 841 2505 quae
871 2462 925 2490 ex
953 2445 1040 2489 visa
1072 2446 1106 2488 Z
1128 2446 1179 2496 E,
1215 2445 1352 2486 ablata
1379 2443 1581 2500 relinquet
1621 2442 1651 2485 S
1682 2441 1720 2483 E
1752 2440 1998 2497 parallaxim

293 2518 533 2560 altitudinis.

350 2594 418 2630 41.
450 2589 742 2646 Telescopium
771 2589 952 2631 maculas
982 2588 1303 2646 quamplurimas
1332 2585 1546 2629 variabiles
1574 2600 1667 2642 quae
1694 2597 1819 2640 super
1846 2598 1998 2640 corpus

296 2659 402 2701 Solis
432 2661 625 2704 incedere
653 2662 846 2704 videntur
876 2661 1068 2711 ostendit,
1102 2675 1155 2702 ex
1185 2674 1327 2701 earum
1344 2667 1461 2700 motu
1483 2657 1622 2699 Solem
1650 2653 1761 2697 circa
1779 2653 1995 2710 proprium

294 2745 416 2772 axem
444 2737 525 2786 25}
556 2734 703 2776 diebus
724 2734 879 2776 revolvi
899 2733 1086 2775 infertur.
1131 2733 1183 2774 In
1201 2732 1365 2774 Venere
1384 2745 1462 2786 pro
1482 2728 1594 2771 varia
1616 2729 1701 2784 ejus
1722 2727 1776 2770 ad
1798 2726 1937 2769 Solem
1956 2734 1998 2768 et

294 2802 472 2844 Terram
510 2806 715 2859 positione
753 2805 903 2862 phases
944 2805 1118 2847 diversae
1168 2803 1476 2859 conspiciuntur
1523 2801 1720 2857 phasibus
1760 2797 1996 2841 Lunaribus

294 2873 446 2916 similes
481 2874 539 2916 ita
568 2884 615 2917 ut
645 2885 806 2932 partem
835 2876 1107 2918 illuminatam
1145 2875 1232 2918 Soli
1262 2881 1497 2915 constanter
1526 2872 1726 2913 obvertat.
1788 2866 1998 2911 Praeterea

298 2944 537 2988 Mercurius
573 2955 615 2989 et
649 2949 792 2991 'Venus
826 2957 1024 3006 tanquam
1050 2947 1224 2990 maculae
1260 2947 1391 3004 nigrae
1422 2954 1463 2988 et
1484 2943 1673 2986 rotundae
1701 2941 1860 2983 discum
1890 2939 1975 3004 8οἰ·
