2092 3470
243 253 326 293 320
576 250 930 321 INQUISITlO
961 247 1232 297 PHYSICA
1261 248 1328 295 IN
1360 250 1619 298 CAUSAM

237 361 308 404 vit.
370 362 499 405 Simul
523 370 662 405 autem
683 378 736 405 ex
758 364 904 407 iisdem
925 365 1333 408 determinationibus
1359 367 1602 425 intelligitur
1622 368 1700 410 sub
1722 367 1822 423 ipsis
1839 364 1948 424 polis
1971 400 1973 402 .

235 434 398 476 nullum
419 435 589 477 omnino
609 444 757 478 aestum
777 437 866 479 dari
886 438 1094 490 diurnum,
1126 438 1169 479 in
1189 438 1426 496 regionibus
1445 442 1544 481 vero
1564 455 1589 481 a
1607 439 1714 495 polis
1734 454 1819 480 non
1847 454 1948 495 pro-

235 506 302 547 cul
331 506 513 557 remotis,
544 508 617 548 ubi
646 508 863 551 luminaria
890 510 955 552 vel
983 525 1069 552 non
1099 511 1289 552 oriuntur
1317 512 1383 553 vel
1410 526 1495 552 non
1522 511 1729 562 occidunt,
1762 511 1947 568 quotidie

233 591 365 617 unum
394 584 555 619 tantum
583 579 744 621 fluxum
762 581 1012 638 unicumque
1032 582 1237 623 refluxum
1258 583 1498 640 contingere
1518 582 1692 632 debere3
1724 598 1817 639 quae
1846 597 1946 624 con-

232 648 445 704 sequentia
475 648 659 702 theoriae,
695 652 771 694 etsi
810 653 1164 694 observationibus
1198 652 1387 694 nondum
1422 653 1521 695 satis
1561 660 1623 695 est
1661 654 1942 708 comprobata,

231 728 369 762 tamen
402 722 499 778 quia
527 737 580 765 ex
609 724 754 766 iisdem
782 726 995 781 principiis
1026 726 1208 783 sequitur
1236 740 1331 783 quae
1361 725 1558 768 institutis
1590 725 1944 768 observationibus

230 795 492 850 satisfaciant,
513 799 617 840 nulli
636 798 812 855 amplifis
832 800 960 842 dubio
981 801 1162 856 subjecta
1177 801 1351 842 videtur.
1400 800 1449 842 In
1472 799 1573 842 locis
1589 806 1726 841 autem
1743 799 1943 856 aequatori

227 867 506 922 propioribus,
548 870 697 926 quibus
730 870 912 927 quotidie
944 872 1030 913 bini
1060 873 1197 914 fluxus
1228 872 1483 928 totidemque
1518 872 1704 914 refluxus
1736 872 1943 923 eveniunt,

227 953 497 994 momentum,
529 959 611 1000 quo
631 959 740 1000 aqua
757 943 937 986 maxime
957 945 1202 1000 deprimitur
1220 959 1306 987 non
1327 946 1422 987 satis
1444 944 1587 988 exacte
1606 945 1792 987 medium
1817 945 1944 987 inter-

220 1012 362 1067 jacere
381 1014 623 1056 observatur
641 1014 748 1056 inter
767 1015 958 1057 fluxuum
975 1024 1196 1067 momenta,
1227 1017 1301 1058 sed
1321 1031 1421 1058 mox
1447 1016 1578 1072 priori
1603 1031 1706 1058 mox
1723 1015 1946 1071 posteriori

230 1092 293 1125 est
320 1085 504 1139 propius,
537 1085 649 1141 quod
675 1085 1000 1141 phaenomenum
1028 1102 1122 1128 cum
1152 1087 1293 1130 nostra
1322 1088 1484 1130 theoria
1513 1086 1702 1144 apprime
1726 1087 1944 1144 congruit3

225 1157 484 1199 ostendimus
515 1159 625 1199 enim
653 1167 911 1201 momentum
939 1159 1121 1202 refluxus
1153 1175 1238 1201 non
1269 1160 1415 1203 exacte
1452 1162 1631 1217 tempori
1664 1160 1804 1202 medio
1838 1161 1946 1202 inter

224 1229 363 1269 fluxus
392 1228 656 1284 respondere,
687 1230 768 1271 nisi
787 1230 853 1272 vel
881 1231 997 1272 locus
1017 1232 1118 1273 situs
1139 1232 1192 1273 sit
1211 1232 1288 1273 sub
1310 1239 1534 1288 aequatore,
1565 1233 1632 1274 vel
1661 1233 1798 1275 Lunae
1817 1232 1945 1274 decli·

224 1299 337 1340 natio
357 1298 481 1341 fuerit
501 1300 628 1350 nulla,
652 1300 725 1341 sed
745 1300 870 1342 mode
890 1302 1021 1356 priori
1040 1301 1167 1343 mode
1187 1302 1408 1357 posteriori
1427 1303 1561 1344 fluxui
1581 1317 1670 1344 esse
1688 1302 1876 1358 propius.

283 1373 314 1423 §.
340 1375 434 1412 101.
469 1370 708 1412 Secundum
736 1372 1060 1427 phaenomenum
1087 1373 1171 1415 huc
1200 1373 1321 1424 redit,
1353 1382 1400 1415 ut
1419 1373 1573 1430 ubique
1598 1374 1787 1416 locorum
1806 1375 1946 1417 fluxus

224 1449 320 1496 post
353 1441 572 1483 transitum
602 1442 737 1484 Lunae
771 1454 858 1498 per·
876 1444 1152 1486 meridianum
1180 1446 1322 1487 venire
1348 1446 1602 1497 observetur,
1635 1446 1761 1502 idque
1790 1446 1949 1503 aliquot

223 1516 426 1559 horarum
456 1518 603 1573 spatio,
636 1518 680 1559 in
708 1519 910 1574 portubus
931 1519 1073 1561 versus
1094 1529 1284 1576 apertum
1305 1534 1507 1562 oceanum
1526 1519 1775 1575 patentibus.
1835 1518 1948 1560 Nam

224 1590 266 1630 in
302 1590 541 1647 regionibus
574 1606 668 1647 quae
703 1606 798 1632 cum
829 1606 987 1633 oceano
1022 1606 1108 1633 non
1141 1592 1353 1634 liberrime
1388 1591 1759 1641 communicantur,
1791 1589 1866 1632 sed
1893 1589 1949 1632 ad

225 1677 325 1718 quas
356 1677 463 1719 aqua
485 1663 609 1718 juxta
636 1663 775 1704 littora
805 1663 956 1704 deferri
985 1663 1121 1714 debet,
1153 1663 1286 1705 multe
1315 1662 1475 1705 tardius
1496 1671 1619 1704 aestus
1639 1661 1821 1715 advenit,
1852 1676 1949 1717 quae

223 1732 448 1774 retardatio
478 1733 513 1773 si
541 1732 628 1774 fere
649 1733 702 1774 ad
727 1738 779 1774 12
799 1733 922 1775 horas
945 1734 1140 1785 ascendit,
1171 1734 1216 1774 in
1237 1749 1359 1776 causa
1379 1749 1468 1776 esse
1488 1735 1604 1784 solet,
1636 1742 1684 1775 ut
1708 1733 1948 1789 hujusmodi

223 1803 267 1844 in
305 1803 405 1845 locis
434 1804 573 1845 fluxus
608 1812 704 1845 ante
731 1805 949 1845 transitum
985 1805 1121 1846 Lunae
1155 1819 1231 1859 per
1264 1804 1541 1846 meridianum
1571 1805 1714 1846 venire
1742 1803 1945 1847 videatur.

226 1876 294 1918 Ita
320 1876 375 1917 ad
409 1877 584 1918 Portum
607 1877 769 1919 Gratiae
789 1877 922 1918 videri
950 1885 1091 1932 posset
1109 1877 1247 1918 fluxus
1270 1883 1294 1919 3
1315 1877 1429 1918 horis
1451 1877 1587 1919 Lunae
1608 1876 1948 1918 culminationem

225 1950 484 2001 antecedere,
518 1950 614 1992 cum
633 1958 786 2001 tamen,
817 1965 862 1992 re
880 1950 988 1992 bene
1008 1946 1278 2001 considerata,
1310 1966 1334 1992 a
1363 1950 1627 2006 praecedente
1653 1950 1947 1992 culminatione

223 2021 396 2072 oriatur,
429 2029 553 2078 atque
581 2020 687 2063 adee
715 2036 808 2072 eam
838 2028 864 2064 9
895 2020 981 2063 fere
1009 2021 1124 2063 horis
1155 2021 1322 2063 demum
1344 2029 1552 2078 sequatur,
1583 2021 1645 2063 uti
1674 2021 1891 2077 apparebit
1909 2021 1945 2062 si

224 2102 401 2136 aestuum
430 2104 654 2147 momenta,
688 2111 781 2154 quae
812 2094 1042 2137 successive
1072 2095 1126 2137 ad
1154 2095 1294 2137 littora
1315 2094 1545 2136 Britanniae
1567 2094 1749 2136 Minoris
1769 2101 1811 2136 et
1831 2094 1945 2135 Non-

222 2168 402 2208 manniae
418 2168 692 2211 observantur
708 2169 987 2224 continuoque
1002 2168 1134 2225 magis
1150 2168 1426 2219 retardantur,
1444 2166 1638 2210 attentius
1659 2167 1943 2223 inspiciantur.
1999 2173 2002 2175 ’

223 2242 412 2284 Deberet
441 2243 609 2299 quidem
638 2243 794 2299 ubique
819 2243 958 2284 fluxus
988 2242 1033 2283 in
1062 2242 1173 2297 ipsos
1205 2242 1340 2283 Lunae
1359 2242 1555 2283 transitus
1573 2255 1649 2296 per
1667 2240 1944 2282 meridianum

222 2312 420 2364 incidere,
451 2312 536 2354 ime
558 2314 809 2370 quandoque
830 2313 885 2354 ob
908 2313 1048 2371 Solem
1067 2312 1318 2368 praecedere,
1350 2315 1435 2354 non
1456 2312 1591 2353 solum
1611 2310 1749 2361 demta
1778 2310 1940 2361 inertia,

222 2384 296 2426 sed
316 2384 440 2426 etiam
461 2384 509 2426 ea
529 2384 677 2442 posita,
697 2386 732 2427 si
752 2392 912 2426 tantum
932 2400 1052 2441 aquae
1071 2391 1208 2425 motus
1228 2384 1432 2426 verticalis
1453 2391 1683 2440 spectetur3
1703 2390 1745 2424 at
1763 2383 1799 2424 si
1817 2381 1942 2424 etiam

223 2454 361 2498 motus
391 2455 658 2498 horizontalis
688 2457 794 2498 ratio
823 2456 1038 2507 habeatur,
1070 2465 1159 2498 tum
1180 2456 1360 2499 dilucide
1383 2457 1638 2498 ostendimus
1657 2456 1817 2497 fluxum
1846 2469 1943 2511 per-

222 2528 349 2583 petue
369 2529 585 2580 retardari,
617 2544 665 2571 ac
685 2530 854 2571 demum
873 2537 968 2585 post
990 2530 1125 2571 Lunae
1144 2531 1366 2572 transitum
1386 2545 1463 2586 per
1482 2529 1758 2572 meridianum
1777 2527 1943 2570 evenire

224 2601 388 2643 debere.
450 2601 637 2657 Tempus
658 2601 824 2658 quidem
847 2602 970 2657 hujus
991 2602 1303 2653 retardationis;
1316 2601 1412 2644 cem
1430 2602 1483 2643 sit
1501 2601 1726 2643 admodum
1745 2598 1942 2641 variabile
1992 2631 1996 2634 -

223 2674 495 2732 pluribusque
517 2675 836 2716 circumstantiis
858 2674 1100 2731 subjectum,
1133 2689 1219 2716 non
1239 2661 1512 2725 definivimus,
1544 2673 1711 2715 interim
1728 2679 1869 2714 tamen
1895 2670 1941 2712 id

225 2759 278 2786 ex
298 2749 328 2798 ᾗ.
351 2751 420 2788 82.
443 2746 583 2803 colligi
602 2746 769 2801 poterit,
792 2745 959 2787 remotis
980 2745 1161 2787 externis
1191 2745 1519 2801 impedimentis:
1551 2743 1647 2786 cum
1666 2743 1777 2785 enim
1795 2742 1940 2784 inven-

226 2816 376 2858 erimus
418 2832 568 2874 aquam
607 2817 778 2873 propria
820 2817 860 2859 vi
898 2816 1110 2875 gravitatis
1143 2831 1231 2858 sese
1264 2816 1308 2857 in
1340 2815 1464 2857 situm
1495 2813 1716 2871 aequilibrii
1755 2813 1938 2868 recipere

227 2923 414 2971 tempore
435 2897 490 3000 ξ
510 2917 723 2969 horarum,
746 2932 794 2959 ac
813 2932 1033 2959 numerum
1053 2932 1082 2958 n
1103 2931 1191 2959 esse
1211 2915 1373 2976 circiter
1394 2921 1418 2958 5
1439 2915 1505 2957 vel
1528 2921 1569 2966 6,
1600 2912 1859 2956 manifestum
1878 2920 1942 2956 est

227 3036 344 3071 tanto
373 3029 497 3071 etiam
527 3038 715 3088 tempore
745 3047 849 3088 opus
880 3047 980 3083 esse,
1012 3047 1095 3088 quo
1126 3046 1232 3088 aqua
1261 3046 1356 3073 eum
1387 3031 1509 3073 situm
1529 3045 1653 3087 quem
1671 3029 1778 3071 vires
1806 3029 1942 3071 inten-

230 3101 349 3153 dunt,
381 3101 541 3154 induat,
573 3119 627 3145 ex
647 3119 730 3160 quo
749 3105 888 3146 fluxus
910 3104 1072 3146 circiter
1091 3110 1117 3145 2
1138 3103 1262 3146 horas
1281 3103 1346 3145 vel
1376 3106 1428 3157 2}
1460 3102 1583 3144 horas
1612 3109 1706 3158 post
1726 3101 1944 3143 transitum
