2092 3470
227 255 311 293 260
467 248 480 256 “
560 249 629 293 IN
631 249 914 301 QUISITIO
950 250 1219 294 PHYSICA
1251 250 1320 293 IN
1347 249 1611 294 ‘CAUSAM

225 370 522 419 comparatam,
555 371 603 406 ut
633 364 676 406 in
710 364 937 421 aequalibus
967 365 1077 406 circa
1106 371 1294 405 centrum
1323 359 1548 406 intervallis
1578 363 1794 406 materiam
1820 363 1940 420 aeque

227 436 403 478 ‘densam
433 435 630 486 includat,
663 435 798 479 Terra
812 451 981 492 *quoque
1000 435 1192 477 universa
1217 435 1301 477 tam
1322 450 1349 476 a
1370 435 1467 478 Sole
1487 434 1613 491 quam
1630 451 1657 477 a
1677 434 1800 477 Luna
1821 434 1940 491 aeque

227 506 526 557 sollicitabitur,
555 520 606 548 ac
635 506 670 548 si
696 507 830 566 omnis
860 507 948 562 ejus
978 505 1150 547 materia
1178 505 1222 546 in
1250 512 1394 548 centro
1414 513 1522 547 esset
1543 505 1726 548 collecta.
1790 505 1938 555 Quan-

226 592 353 634 quam
373 577 483 619 enim
501 588 613 619 nunc
632 577 800 634 quidem
820 577 1134 619 accuratissimis
1164 576 1217 618 ab
1246 576 1524 619 illustrissima
1546 576 1774 619 Academia
1806 570 1940 634 Regia

223 650 420 692 institutis
454 650 608 705 passim
640 650 843 691 mensuris
879 649 977 690 satis
1011 656 1075 690 est
1105 648 1446 699 demonstratum,
1491 647 1639 690 Terrae
1670 648 1849 706 figuram
1882 647 1939 689 ad

224 721 343 776 polos
364 735 453 763 esse
474 734 765 776 compressam,
782 727 922 762 tamen
940 718 1102 761 tantilla
1120 734 1147 761 a
1165 719 1346 775 perfecta
1366 718 1529 775 sphaera
1550 719 1769 770 aberratio,
1790 720 1834 761 in
1848 719 1939 762 aliis

222 792 392 849 quidem
426 793 602 850 negotiis
636 793 807 835 maximi
835 794 1048 844 momenti,
1079 794 1124 834 in
1157 792 1239 836 hoe
1268 794 1455 836 instituto
1483 792 1574 838 tuto
1603 793 1760 851 negligi
1784 800 1935 849 potest.

226 865 406 921 Parique
435 865 608 915 ratione,
640 864 798 905 etiamsi
828 863 964 907 Terra
991 864 1036 905 in
1066 864 1296 920 aequalibus
1326 879 1351 905 a
1375 864 1525 906 'centro
1547 864 1750 906 distantiis
1773 878 1860 905 non
1885 863 1942 906 sit

224 936 344 994 aeque
365 937 507 986 densa,
529 944 667 978 tamen
686 934 918 977 differentia
938 933 1050 978 certe
1069 950 1155 977 non
1178 943 1240 977 est
1258 943 1385 986 tanta,
1407 943 1455 977 ut
1467 926 1593 978 error
1611 934 1813 978 sensibilis
1842 932 1940 977 inde

227 1009 280 1050 sit
298 1007 558 1050 metuendus.

282 1085 313 1135 §.
345 1086 413 1122 22.
457 1080 519 1122 Ut
553 1079 680 1136 igitur
713 1080 821 1121 vires
855 1079 1130 1134 inveniantur,
1167 1093 1262 1136 quae
1292 1080 1467 1123 tendant
1500 1080 1555 1122 ad
1595 1080 1721 1123 situm
1758 1078 1940 1135 partium

230 1153 376 1195 Terrae
405 1150 624 1193 relativum
653 1150 970 1202 immutandum,
1002 1151 1239 1193 definienda
1267 1158 1330 1193 est
1346 1151 1408 1193 vis
1428 1151 1709 1201 acceleratrix,
1742 1150 1822 1207 qua
1843 1163 1940 1191 cen-2

224 1233 335 1267 trum
365 1223 511 1265 Terrae
541 1221 626 1274 siye
655 1222 709 1263 ad
742 1221 882 1265 Solem
913 1221 997 1263 sive
1026 1221 1081 1263 ad
1111 1221 1278 1263 Lunam
1305 1229 1529 1279 urgeatur:
1576 1220 1657 1278 qua
1688 1219 1868 1278 cognita,
1905 1220 1941 1262 si
1978 1261 1983 1268 ,
2048 1267 2055 1274 ,

225 1295 533 1351 comperiantur
562 1308 707 1336 omnes
737 1294 887 1336 Terrae
915 1301 1053 1349 partes
1075 1294 1304 1350 aequalibus
1334 1294 1491 1336 viribus
1514 1294 1870 1336 acceleratricibus
1899 1301 1943 1335 et

226 1368 270 1408 in
300 1366 601 1408 directionibus
637 1364 845 1421 parallelis
877 1364 1009 1422 ugeri,
1041 1365 1158 1407 nulla
1192 1365 1363 1407 omnino
1399 1364 1501 1408 situs
1528 1364 1732 1416 mutatio„
1747 1364 1943 1421 nullaque

224 1438 402 1495 proinde
431 1438 557 1479 maris
586 1437 757 1495 agitatio
784 1437 953 1479 orietur.
1016 1436 1101 1491 Sed
1129 1437 1265 1479 Terra
1292 1437 1337 1478 in
1364 1452 1408 1479 se
1429 1444 1612 1492 spectata
1631 1436 1817 1478 omnium
1845 1451 1943 1492 par-

224 1511 328 1554 tium
348 1511 473 1553 situm
491 1518 684 1552 mutuum
702 1509 949 1551 invariatum
971 1510 1240 1551 conservabit.
1302 1509 1363 1551 At
1384 1510 1417 1551 si
1448 1509 1570 1560 vires,
1595 1509 1743 1565 quibus
1764 1508 1942 1566 singulae

225 1592 363 1640 partes
385 1599 410 1625 a
427 1583 524 1625 Sole
544 1591 616 1624 aut
636 1581 758 1624 Luna
774 1579 987 1639 urgentur,
1006 1582 1240 1637 discrepent
1255 1597 1280 1623 a
1298 1582 1340 1623 vi
1359 1589 1548 1624 centrum
1561 1582 1709 1624 Terrae
1724 1582 1941 1634 afficiente,

226 1654 313 1697 tam
334 1654 494 1696 ratione
514 1653 752 1710 quantitatis
773 1651 899 1709 quam
919 1652 1169 1703 directionis,
1200 1660 1289 1694 tum
1309 1653 1388 1695 nisi
1409 1651 1642 1694 firmissime
1670 1652 1779 1694 inter
1798 1667 1841 1694 se
1861 1652 1944 1694 sint

227 1740 443 1775 connexae,
473 1725 518 1766 in
547 1725 628 1766 situ
657 1739 733 1765 suo
760 1731 907 1766 mutuo
934 1724 1169 1779 perturbari
1198 1724 1421 1766 debebunt.
1484 1725 1667 1780 Hocque
1687 1738 1786 1766 casu
1805 1737 1940 1781 aquae,

229 1812 323 1854 quae
358 1797 413 1838 ob
446 1795 693 1849 fluiditatem
724 1796 766 1836 vi
797 1795 921 1837 etiam
951 1796 1138 1837 minimae
1171 1796 1339 1847 cedunt,
1377 1796 1624 1838 sensibiliter
1661 1797 1943 1854 agitabuntur,

228 1875 351 1924 atque
380 1865 588 1908 affluendo
616 1865 919 1921 defluendoque
948 1865 1037 1907 aliis
1066 1865 1168 1908 locis
1198 1866 1481 1916 elevabuntur,
1517 1866 1606 1907 aliis
1641 1866 1939 1922 deprimentur.

233 1938 343 1982 Cum
366 1947 511 1981 autem
531 1939 609 1982 iste
628 1945 780 1988 motus,
812 1939 883 1994 qui
910 1938 956 1978 in
986 1938 1158 1995 singulis
1179 1938 1326 1980 Terrae
1346 1938 1533 1994 partibus
1554 1946 1790 1994 generatur,
1822 1954 1848 1980 a
1866 1937 1946 1980 dif-

231 2009 404 2052 ferentia
426 2010 533 2050 inter
553 2009 660 2050 vires
682 2016 871 2050 centrum
891 2008 1040 2050 Terrae
1059 2016 1102 2050 et
1120 2009 1231 2064 ipsas
1254 2017 1392 2064 partes
1413 2009 1678 2051 sollicitantes
1707 2010 1943 2065 proficisca-
1960 2002 1967 2016 ὃ

232 2088 314 2132 tur,
350 2079 521 2135 propria
553 2079 630 2129 vis,
667 2077 749 2133 qua
784 2093 960 2134 quaeque
993 2079 1198 2133 particula
1230 2080 1464 2136 agitabitur,
1501 2079 1741 2132 innotescet,
1778 2081 1813 2122 si
1845 2096 1871 2123 a
1902 2081 1944 2123 vi

232 2150 516 2194 acceleratrice
536 2134 650 2190 illam
667 2148 914 2203 particulam
934 2148 1178 2189 soHicitante
1196 2149 1407 2191 auferatur
1427 2149 1499 2190 vix
1518 2150 1796 2202 acceleratrix,
1819 2162 1943 2208 quam

231 2229 420 2278 centrum
440 2219 588 2261 Terrae
606 2218 787 2273 patitur:
817 2218 993 2274 haecque
1012 2218 1239 2260 subtractio
1258 2219 1316 2261 ita
1333 2219 1575 2271 instituitur,
1605 2228 1652 2263 ut
1671 2209 1820 2278 cuique
1847 2238 1943 2279 par-

232 2292 369 2335 ticulae
396 2298 549 2346 praeter
578 2290 663 2332 vim
691 2297 787 2332 actu
807 2304 898 2331 eam
917 2289 1206 2332 sollicitantem
1226 2291 1306 2334 alia
1324 2292 1386 2334 vis
1406 2292 1576 2349 aequalis
1595 2291 1670 2344 illi,
1701 2308 1826 2350 quam
1844 2309 1942 2338 cen—

233 2372 344 2406 trum
371 2362 615 2417 perpetitur,
645 2361 690 2402 in
717 2360 943 2403 directione
962 2361 1168 2403 contraria
1189 2362 1393 2418 applicata
1411 2363 1692 2418 concipiatur:
1723 2371 1813 2406 tum
1831 2366 1943 2408 enim

233 2435 294 2477 vis
325 2448 418 2491 quae
447 2448 502 2475 ex
525 2433 830 2489 compositione
856 2432 1007 2475 harum
1026 2426 1368 2488 duarumoritur,
1399 2435 1478 2477 erit
1495 2449 1593 2477 vera
1611 2434 1672 2476 vis
1697 2436 1943 2490 particulam

233 2507 346 2549 illam
366 2506 419 2548 de
438 2506 532 2548 loco
553 2520 628 2548 suo
648 2505 883 2548 deflectens.

290 2582 321 2632 §.
343 2583 413 2620 23.
445 2577 736 2619 Consentanea
755 2584 818 2620 est
836 2576 929 2619 'haec
949 2577 1139 2620 reductio
1163 2575 1376 2634 principiis
1395 2577 1656 2630 mechanicis,
1689 2579 1838 2636 quibus
1859 2587 1941 2623 sta·—

235 2652 364 2693 tuitur
392 2658 552 2693 motum
579 2650 797 2692 relativum
824 2651 868 2692 in
899 2658 1119 2707 systemate
1139 2658 1402 2707 quotcunque
1421 2665 1645 2706 corporum
1667 2659 1708 2693 et
1727 2667 1752 2694 a
1772 2653 1940 2710 quibus-

235 2738 399 2781 cunque
417 2724 572 2769 viribus
593 2723 910 2766 sollicitatorum.
934 2737 1101 2765 manere
1121 2723 1379 2773 invariatum,
1402 2723 1435 2765 si
1455 2737 1541 2764 non
1561 2714 1696 2766 solum
1714 2723 1791 2766 toti
1811 2731 1940 2781 syste-

235 2793 336 2834 mati
364 2800 502 2835 motus
532 2793 745 2849 aequabilis
774 2793 819 2834 in
847 2793 1050 2834 directum
1076 2792 1200 2834 simul
1227 2792 1500 2847 imprimatur,
1532 2793 1605 2835 sed
1625 2794 1748 2835 etiam
1767 2793 1939 2851 singulis

235 2864 422 2919 partibus
442 2865 549 2907 vires
570 2864 749 2921 aequales
769 2878 944 2921 quarum
963 2861 1209 2906 directiones
1240 2864 1322 2906 sint
1349 2863 1457 2906 inter
1483 2879 1526 2907 se
1554 2864 1775 2920 parallelae,
1807 2866 1939 2922 appli-

238 2943 396 2978 centur.
457 2937 615 2979 Nostro
634 2937 762 2994 igitur
781 2951 879 2978 casu
898 2943 1033 2977 motus
1052 2936 1268 2977 intestinus
1289 2936 1468 2991 partium
1490 2937 1636 2978 Terrae
1654 2950 1739 2978 non
1753 2937 1939 2979 turbabi-

237 3015 319 3058 tur,
352 3007 386 3048 si
416 3009 586 3066 singulis
605 3009 815 3065 particulis
835 3009 940 3050 vires
961 3008 1139 3064 aequales
1158 3009 1202 3049 in
1221 3008 1514 3051 directionibus
1533 3008 1736 3066 parallelis
1757 3010 1937 3066 applice-

238 3094 331 3122 mus
366 3087 413 3121 ut
444 3079 639 3122 fecimus:
686 3079 797 3136 quod
832 3081 866 3122 si
899 3087 1037 3121 autem
1069 3079 1159 3121 istae
1188 3079 1295 3122 vires
1325 3080 1502 3136 aequales
1533 3081 1613 3122 sint
1641 3079 1713 3132 illi,
1745 3079 1824 3136 qua
1851 3087 1938 3123 tota
