2092 3470
127 209 278 252 Limia
298 208 539 261 Tannus-⁴]
600 207 924 251 PRINCIPIA
955 207 1453 256 MATHEMTICA.

1791 221 1847 257 63

127 331 227 375 tam,
249 333 310 366 est
329 325 384 366 ad
402 324 646 382 gravitatem
666 323 710 364 in
730 322 878 364 eodem
906 322 1001 363 loco
1023 322 1064 363 A
1084 322 1128 362 in
1149 323 1357 377 sphaeram
1377 333 1521 369 centro
1544 328 1580 370 C
1608 328 1726 370 radio
1747 329 1788 370 A
1811 329 1851 371 C

127 397 390 453 descriptam,
413 405 460 437 ut
482 401 562 438 125
583 395 639 436 ad
670 400 764 437 126.

827 395 874 450 (⁸)
909 395 987 436 Est
1007 402 1147 435 autem
1165 396 1346 451 gravitas
1366 398 1411 438 in
1430 398 1524 439 loco
1546 401 1586 441 A
1606 401 1650 441 in
1671 401 1849 443 Terram

126 469 266 510 media
282 467 603 524 proportionalis
624 467 732 507 inter
751 466 971 523 gravitates
992 465 1036 506 in
1056 465 1144 510 dic-

126 548 212 582 tam
246 538 525 595 sphaeroidem
564 547 606 580 et
645 538 875 593 sphaeram:
925 545 1150 592 propterea
1493 509 1538 542 A
1553 515 1584 542 εἶ’

127 611 240 668 quod
260 611 438 667 sphaera,
466 610 738 652 diminuendo
765 610 1015 652 diametrum
1047 609 1084 651 P
1104 609 1150 659 Q

123 685 169 724 in
197 683 360 724 ratione
394 688 470 725 101
505 682 560 724 ad
594 688 688 732 100,
708 683 885 723 vertitur
904 682 949 725 in
968 681 1149 738 figuram

126 756 300 805 Terrae3
331 763 374 796 et
406 754 500 796 haec
533 754 670 811 figura
699 754 972 796 diminuendo
1005 754 1050 794 in
1079 752 1148 795 efi-
1223 782 1262 822 P
1797 743 1837 789 (ἷ-

122 828 220 870 dem
254 827 415 869 ratione
446 826 696 868 diametrum
725 826 903 875 tertiam,
935 841 1030 882 quae
1058 825 1148 867 dia-
1489 813 1521 850 C
1786 799 1842 837 ’θ’

121 901 264 942 metris
304 899 465 940 duabus
506 900 547 940 A
569 900 620 949 Β,
660 900 696 941 P
718 899 763 948 Q
790 897 1148 954 perpendicularis

121 981 197 1023 est,
226 971 401 1014 vertitur
420 971 465 1012 in
486 971 639 1013 dictam
660 970 939 1026 sphaeroidem
950 986 962 1020 ;
992 977 1034 1011 et
1052 985 1150 1028 gra-

118 1045 223 1086 vitas
250 1044 294 1085 in
326 1045 380 1093 A,
411 1044 453 1084 in
485 1059 584 1086 casu
613 1051 804 1099 utroque,
830 1042 1076 1084 diminuitur
1102 1043 1148 1084 in
1504 1072 1544 1115 B

119 1116 266 1158 eadem
294 1117 454 1157 ratione
482 1130 607 1171 quam
632 1114 838 1171 proxime.

899 1115 942 1170 (·)
966 1115 1043 1157 Est
1061 1115 1139 1172 igi.

120 1198 190 1230 tur
218 1190 399 1246 gravitas
427 1190 472 1230 in
497 1188 538 1231 A
564 1190 608 1231 in
631 1189 839 1244 spbaeram
864 1196 1008 1230 centro
1032 1188 1069 1230 C
1090 1188 1207 1230 radio
1228 1188 1270 1230 A
1294 1189 1331 1231 C
1352 1188 1617 1245 descriptam,
1640 1191 1693 1231 ad
1714 1192 1851 1248 gravi-

70 1279 73 1293 *
120 1269 247 1304 tatem
268 1262 312 1302 in
332 1262 374 1303 A
394 1262 437 1303 in
458 1261 637 1304 Terram
656 1269 704 1302 ut
726 1266 808 1303 126
830 1260 885 1303 ad
908 1262 1030 1314 1255,
1066 1268 1110 1301 et
1135 1260 1316 1316 gravitas
1337 1260 1382 1301 in
1401 1260 1494 1301 loco
1516 1260 1560 1310 Q
1579 1261 1623 1302 in
1644 1261 1851 1316 sphaeram

120 1401 252 1432 rotando
265 1401 464 1442 descriptum,
480 1402 521 1434 ad
534 1402 730 1434 altitudinem
747 1403 778 1434 E
791 1413 818 1440 e,
834 1402 960 1434 ductam

122 1443 157 1473 in
179 1444 332 1475 circulum
357 1446 446 1486 cujus
472 1452 518 1476 est
539 1446 643 1476 radius
674 1446 712 1476 M
730 1446 771 1481 E,
802 1445 866 1475 sive
889 1445 962 1485 quia

123 1486 231 1516 circuli
256 1493 330 1517 sunt
352 1494 389 1518 ut
405 1488 554 1528 quadrata
574 1488 731 1518 radiorum
749 1494 780 1519 et
801 1488 961 1528 utriusque

122 1529 292 1569 cylindruli
305 1531 481 1562 eommunia
491 1537 537 1563 est
547 1530 688 1569 altitudo,
700 1531 759 1563 erit
768 1530 962 1571 cylindrulus

128 2393 160 2424 B
179 2393 288 2434 Gge,
310 2390 575 2432 adcylindrulum
600 2391 630 2422 E
649 2391 776 2426 Mme,
799 2390 966 2422 utGE²

126 2435 313 2467 adME2.
362 2434 424 2465 Sed
452 2434 563 2465 GE²
586 2434 764 2464 adME²
786 2440 967 2472 semperest

127 2477 466 2509 utPc²adRc²
489 2477 537 2506 vel
559 2479 585 2507 A
607 2477 676 2513 0²,
700 2474 966 2517 ideoqueindata

127 2520 257 2557 ratione,
272 2519 331 2551 erit
343 2520 447 2560 itaque
461 2529 583 2549 summa
597 2525 662 2549 tota
671 2518 919 2559 cylindrulorum
934 2519 966 2549 in

129 2561 302 2602 sphaeroide
322 2561 363 2592 ad
382 2572 536 2595 summam
553 2569 649 2593 totam
664 2561 911 2602 cylindrulorum
932 2561 966 2591 in

128 2603 258 2645 sphaera,
284 2606 342 2635 hoc
364 2611 419 2640 est,
445 2605 591 2644 sphaerois
613 2605 679 2644 ipsa
699 2603 741 2634 ad
762 2605 911 2643 sphaeram
932 2610 967 2635 ut

131 2648 161 2680 P
178 2647 204 2678 C
215 2649 232 2666 ²
246 2646 286 2678 ad
304 2647 334 2677 A
350 2647 377 2678 C
388 2649 415 2688 ²,
426 2647 493 2688 jam
507 2646 580 2678 νει-ὀ
593 2649 711 2687 sphaera
724 2647 811 2680 radio
829 2647 860 2677 R
872 2647 899 2677 C
914 2646 967 2677 de-

130 2690 243 2730 scripta
268 2696 300 2720 et
319 2689 467 2729 sphaerois
487 2699 659 2729 compressa
683 2689 825 2728 ellipseos
850 2690 879 2719 A
897 2690 927 2720 G
940 2689 968 2720 P

129 2732 212 2764 circa
241 2741 332 2763 axem
364 2731 393 2762 P
420 2732 447 2762 C
475 2732 692 2765 convolutione
721 2732 835 2772 genita,
873 2731 967 2762 simili

128 2776 225 2806 modo
246 2774 343 2805 dividi
364 2773 578 2814 intelligantur
598 2775 631 2805 in
646 2775 773 2806 tubulos
786 2774 968 2805 innumeros

129 2818 342 2850 ordinatarum
369 2817 407 2848 M
426 2817 455 2847 E
482 2823 512 2847 et
534 2827 608 2853 me,
638 2818 670 2847 G
687 2818 716 2848 E
743 2823 774 2848 et
797 2828 859 2858 ge,
888 2817 966 2847 circa

130 2870 221 2892 axem
248 2860 278 2891 P
295 2860 322 2891 C
347 2859 565 2891 convolutione
587 2861 719 2902 genitos,
743 2861 783 2890 ob
811 2859 967 2891 radiorum

133 2903 162 2934 C
180 2903 209 2933 E
225 2908 256 2934 et
269 2908 422 2933 rectarum
445 2901 475 2932 E
490 2911 508 2932 e
523 2901 738 2942 aequalitatem,
761 2909 852 2932 erunt
867 2902 957 2932 tubul

129 2944 282 2978 illiutM
299 2942 339 2981 E,
359 2945 388 2976 G
408 2944 447 2980 E,
465 2943 580 2974 siveut
597 2945 627 2974 A
645 2944 726 2975 Cad
743 2945 821 2982 PC,
837 2945 966 2981 hocest,

131 2987 166 3019 in
180 2986 255 3018 dat&
267 2987 405 3024 ratione3
429 2985 561 3027 ide6que
575 2987 695 3026 sphaera
708 2993 755 3018 est
767 2987 807 3018 ad
821 2987 968 3026 sphaeroi-

131 3030 204 3061 dem
228 3039 433 3071 compresam
456 3035 493 3060 ut
520 3028 659 3061 ACad
682 3029 765 3061 PC.
814 3029 968 3066 Quaresi

954 3086 1022 3118 G2

992 1534 1112 1581 *8²:⁵²
1130 1539 1305 1571 undsss=
1322 1542 1365 1582 μ

1004 1404 1125 1442 sphaera
1138 1402 1260 1434 dicatur
1276 1403 1298 1434 S
1312 1402 1461 1442 sphaerois
1475 1413 1650 1443 compressa
1664 1415 1689 1441 s,
1705 1410 1737 1435 et
1749 1405 1850 1444 spba-

1003 1446 1066 1476 rois
1091 1445 1259 1487 oblongata
1285 1459 1313 1483 r,
1339 1446 1441 1486 sitque
1466 1447 1498 1476 A
1518 1447 1544 1477 C
1559 1459 1605 1476 =
1621 1448 1651 1482 b,
1682 1447 1710 1477 P
1728 1448 1754 1478 C
1769 1460 1815 1476 =
1830 1458 1851 1478 a

1003 1489 1062 1519 erit
1089 1489 1377 1519 S²=s²=b²z
1398 1490 1457 1522 a²,
1486 1499 1522 1519 ac
1546 1488 1677 1528 proinde
1705 1490 1750 1520 S:
1770 1503 1849 1520 ae=

1387 1541 1409 1570 S
1427 1545 1460 1577 Χ
1479 1553 1507 1571 e.
1557 1541 1598 1576 Q.
1617 1551 1645 1571 e.
1662 1540 1694 1570 d.

1048 1582 1090 1624 (¹)
1115 1587 1165 1614 80.
1185 1585 1244 1614 Est
1258 1589 1363 1614 autem
1376 1585 1522 1623 gravitas.
1570 1582 1732 1613 Diameter
1757 1583 1786 1613 P
1804 1584 1848 1620 Q,

1003 1624 1038 1655 in
1061 1624 1165 1666 figura
1187 1625 1336 1656 Newtoni
1363 1624 1549 1664 respondeat
1577 1625 1729 1656 diametro
1756 1626 1786 1656 R
1804 1627 1847 1663 N,

1004 1668 1168 1698 minuatur
1188 1668 1338 1698 diameter
1358 1667 1413 1698 illa
1438 1668 1470 1698 R
1488 1668 1519 1697 N
1543 1667 1575 1697 in
1597 1668 1716 1698 ratione
1734 1671 1789 1698 101
1808 1668 1850 1699 ad

1007 1713 1071 1741 loo
1085 1716 1122 1740 ut
1135 1710 1190 1741 fiat
1214 1710 1243 1740 P
1261 1711 1294 1746 Q
1306 1723 1352 1740 =
1370 1714 1440 1747 loo,
1465 1717 1540 1741 tunc
1556 1711 1676 1749 sphaera
1690 1721 1761 1751 quae
1775 1720 1848 1741 cen-

1003 1758 1053 1783 tro
1070 1753 1097 1783 C
1111 1752 1199 1783 radio
1218 1754 1246 1783 A
1269 1753 1295 1784 C
1310 1753 1463 1792 descripta
1477 1759 1553 1789 erat,
1568 1758 1704 1783 vertetur
1717 1752 1750 1783 in
1767 1753 1849 1794 figu-

1002 1805 1071 1826 ram
1087 1796 1204 1826 Terrae.
1242 1795 1265 1827 J
1266 1805 1315 1825 am
1333 1794 1405 1826 νει-ὸ
1418 1795 1611 1835 concipiatur
1624 1795 1714 1826 tertia
1728 1795 1847 1826 diame-

1003 1844 1051 1869 ter
1064 1849 1135 1879 quoe
1148 1838 1181 1868 in
1196 1838 1389 1869 revolutione
1411 1839 1540 1878 sphoerae
1554 1838 1677 1869 duabus
1690 1837 1850 1869 diametris

1006 1881 1038 1911 A
1056 1882 1096 1918 B,
1116 1881 1144 1912 P
1159 1882 1200 1917 Q.
1216 1881 1253 1911 fit
1267 1880 1538 1920 perpendicularis,
1556 1882 1684 1922 haec'que
1698 1880 1849 1912 diameter

1003 1923 1198 1955 diminuatur
1219 1924 1252 1953 in
1272 1922 1382 1954 effidem
1397 1923 1516 1954 ratione
1534 1927 1590 1954 101
1609 1923 1649 1954 ad
1668 1927 1738 1958 loo.
1763 1930 1848 1963 patet

1003 1966 1137 2007 figuram
1153 1967 1260 1997 Terrae
1274 1967 1351 1997 verti
1366 1967 1400 1996 in
1414 1966 1618 2006 sphaeroidem
1632 1965 1844 2007 oblongatam.

1009 2009 1093 2045 Quia
1116 2007 1192 2040 vero
1214 2015 1345 2050 utraque
1358 2009 1505 2049 sphaerois
1519 2008 1582 2040 sive
1597 2019 1770 2047 compressa
1783 2009 1848 2039 sive

1003 2052 1172 2094 oblongata
1197 2051 1237 2082 ad
1258 2053 1409 2091 sphaeram
1431 2062 1525 2092 quam
1547 2050 1688 2090 proxime
1716 2050 1845 2088 accedit,

1003 2094 1191 2134 sphaeroides
1204 2094 1267 2124 illae
1281 2104 1339 2134 pro
1353 2095 1481 2136 sphaeris
1495 2104 1566 2134 quae
1581 2093 1712 2124 eandem
1725 2103 1846 2133 respec-

1004 2135 1066 2168 tive
1080 2137 1261 2168 contineant
1272 2138 1409 2168 materiae
1423 2137 1635 2178 quantitatem,
1648 2146 1742 2178 quam
1753 2145 1845 2175 prox-

1004 2179 1067 2210 ime
1090 2179 1195 2210 haberi
1221 2186 1358 2218 possunt.
1413 2181 1495 2210 Sunt
1518 2185 1624 2218 autem
1650 2180 1848 2209 attractiones

1004 2223 1195 2261 sphaerarum
1210 2222 1244 2251 in
1259 2222 1412 2252 distantiis
1423 2221 1594 2262 aequalibus
1610 2226 1646 2251 ut
1659 2221 1847 2261 quantitates

1004 2264 1142 2295 materiae
1158 2265 1246 2306 (Cor.
1268 2267 1292 2294 1.
1312 2264 1404 2303 Pr0p.
1426 2263 1596 2294 LXXIV.
1614 2263 1683 2294 Lib.
1701 2263 1744 2304 I.)
1761 2261 1847 2294 ided-

1005 2316 1067 2346 que
1081 2308 1215 2346 gravitas
1228 2307 1260 2336 in
1276 2312 1408 2347 utroque
1419 2317 1492 2336 casu
1502 2306 1650 2345 praedicto
1661 2306 1848 2337 diminuitur

1005 2349 1039 2379 in
1054 2348 1163 2379 eadem
1179 2349 1297 2379 ratione
1311 2349 1448 2379 materiae
1462 2348 1607 2379 detractae
1627 2359 1720 2389 quam
1741 2349 1845 2388 proxi-

1006 2391 1066 2432 me,
1090 2402 1126 2422 ac
1147 2391 1276 2431 proinde
1297 2392 1493 2422 attractiones
1515 2391 1643 2430 sphaerae
1668 2391 1848 2430 sphaeroidis

1006 2433 1188 2473 eompressae
1203 2441 1234 2464 et
1248 2433 1428 2473 sphaeroidis
1448 2434 1625 2474 oblongatae
1639 2440 1712 2463 sunt
1726 2443 1846 2472 respec-

1007 2476 1068 2507 tive
1093 2483 1130 2507 ut
1151 2477 1339 2518 quantitates
1362 2476 1500 2506 materiae
1523 2476 1556 2506 in
1581 2476 1643 2506 illis
1667 2476 1847 2515 corporibus

1006 2526 1161 2550 contentae
1186 2519 1279 2560 quam
1307 2518 1454 2558 proxime.
1505 2518 1567 2549 Sed
1591 2519 1738 2556 sphaerois
1760 2528 1847 2549 com.

1008 2571 1110 2601 pressa
1132 2561 1351 2592 convolutione
1377 2561 1518 2600 ellipseos
1551 2563 1579 2591 A
1600 2560 1629 2591 P
1646 2561 1674 2591 B
1693 2561 1734 2597 Q,
1765 2560 1847 2592 ciroe

1007 2615 1097 2635 axem
1117 2605 1144 2635 P
1161 2605 1187 2635 C
1207 2605 1240 2641 Q
1252 2604 1357 2645 genita
1372 2610 1418 2634 est
1432 2603 1535 2634 media
1548 2603 1784 2643 proportionalis
1797 2603 1847 2634 in-

1008 2654 1054 2678 ter
1082 2649 1234 2687 sphaeram
1262 2646 1525 2685 circumscriptam
1554 2646 1645 2686 cujus
1673 2645 1777 2676 radius
1799 2654 1845 2677 est

1011 2690 1038 2719 A
1060 2691 1097 2726 C,
1123 2697 1154 2720 et
1179 2688 1383 2728 sphaeroidem
1407 2689 1607 2730 oblongatam
1628 2688 1847 2720 convolutione

1007 2732 1150 2772 ellipseos
1178 2731 1260 2762 circa
1288 2741 1378 2762 axem
1411 2732 1440 2762 A
1466 2731 1492 2762 C
1524 2731 1552 2761 B
1582 2732 1719 2770 genitam
1749 2732 1842 2771 (82).

1011 2774 1118 2810 Quare
1139 2775 1271 2816 gravitas
1285 2775 1318 2804 in
1334 2774 1402 2804 loco
1427 2774 1468 2809 A,
1490 2772 1524 2803 in
1541 2773 1570 2803 T
1571 2783 1670 2803 erram
1684 2779 1730 2804 est
1743 2773 1847 2805 media

1008 2817 1243 2857 proportionalis
1256 2818 1338 2847 inter
1351 2816 1515 2857 gravitates
1525 2816 1558 2846 in
1570 2815 1683 2846 dictam
1698 2817 1846 2855 59113ῐοί-

1009 2859 1090 2894 dem,
1108 2860 1306 2900 oblongatam
1321 2859 1446 2895 scilicet,
1463 2865 1494 2888 et
1508 2859 1669 2897 sphaenm.

1052 2903 1096 2944 (³)
1115 2905 1131 2922 ⁸
1150 2905 1209 2934 Est
1222 2904 1317 2941 igitur
1327 2903 1472 2941 gravitas.
1523 2901 1665 2932 Gravitas
1678 2900 1712 2931 in
1726 2900 1797 2932 loeo
1812 2903 1843 2932 A

1007 2945 1041 2975 in
1066 2946 1196 2976 'l'erram
1222 2944 1342 2975 dicatur
1370 2944 1412 2980 G,
1438 2942 1571 2984 gravitas
1596 2943 1722 2975 ina-1000
1745 2944 1788 2980 Q,
1812 2944 1847 2976 iu

1011 2988 1140 3018 Terram
1163 2987 1203 3018 sit
1222 2997 1253 3027 g,
1280 2986 1412 3026 gravitas
1432 2986 1467 3016 in
1488 2985 1558 3017 loeo
1579 2986 1620 3022 Q.
1641 2986 1676 3016 in
1694 2987 1848 3027 spheram

1008 3030 1095 3062 radio
1110 3031 1137 3061 P
1151 3030 1186 3067 C,
1197 3029 1382 3068 descriptam
1396 3027 1519 3061 dic-atr
1531 3041 1565 3070 γ,
1580 3029 1714 3071 gravitas
1728 3030 1762 3060 in
1778 3029 1847 3061 loco
