2092 3470
641 201 724 247 ΕΤ
753 201 1088 247 REFLUXUS
1119 201 1331 258 MARI‘S.
1749 203 1828 251 221
1846 248 1849 251 μ

135 315 254 363 DN'
275 316 462 368 etDn';
490 315 717 370 sintporrb
735 316 1054 371 planaDNR,
1077 314 1275 365 DN‘R',
1298 314 1436 364 Dnr‚
1458 314 1503 356 D
1523 314 1627 364 n'r',
1660 313 1830 365 PMZ,

136 388 173 430 P
194 388 259 430 ΜΙ
275 388 335 438 Z',
358 387 395 429 P
409 402 452 428 m
471 403 507 439 Ζ,
531 388 568 429 P
586 389 643 428 m'
662 389 697 428 z'
715 388 842 443 plano
864 389 900 430 P
918 389 948 431 b
969 389 993 431 I
1014 388 1052 431 B
1071 387 1428 443 perpendicularia
1446 402 1540 443 quae
1560 386 1676 435 alteri
1693 386 1833 441 plano,

136 461 210 502 ΡΖ
227 460 262 503 Ζ
277 460 300 503 Ι
316 460 358 503 T
376 468 596 502 occurrant
614 460 659 502 in
678 461 798 503 rectis
817 461 862 503 D
880 461 934 512 R,
956 461 1001 503 D
1020 461 1086 511 R',
1109 460 1204 509 Dr,
1226 459 1332 508 Dr‘,
1356 459 1392 500 P
1406 458 1453 508 Z,
1478 458 1514 499 P
1531 458 1591 508 Z',
1615 457 1650 499 P
1669 473 1704 508 Ζ,
1727 458 1765 500 Ρ
1782 459 1832 508 τ’,

134 531 374 588 respective.
434 533 520 576 His
539 533 1076 591 positis‚pqnoniamang.uli
1097 533 1140 575 N
1159 533 1204 575 D
1227 531 1283 574 N'
1310 540 1354 575 et
1381 531 1434 577 M
1456 531 1491 573 P
1514 532 1592 581 M',
1618 546 1649 572 n
1669 532 1713 573 D
1732 533 1774 575 n'
1793 542 1836 574 et

131 620 175 647 m
197 604 234 646 P
251 606 320 655 m',
349 614 563 660 ponuntur
586 621 748 661 semper
766 606 971 662 aequales3
1003 614 1044 647 et
1061 613 1185 648 rectae
1213 603 1250 646 P
1270 603 1323 646 M
1343 611 1386 645 et
1404 602 1448 644 D
1467 602 1521 652 N,
1547 602 1582 643 P
1601 617 1645 643 m
1665 611 1707 652 et
1725 604 1769 645 D
1789 619 1831 654 n,

132 677 345 733 aequaliter
365 692 527 733 semper
544 678 792 720 inclinantur
812 679 864 720 ad
892 679 928 720 P
949 678 971 720 I
1001 692 1262 720 communem
1280 677 1502 732 planorum
1522 676 1770 726 sectionem3
1799 677 1834 717 si

132 747 310 804 angulus
332 747 375 788 N
395 747 440 789 D
462 747 518 789 N'
537 756 578 789 et
597 748 810 790 inclinatio
830 749 1049 805 planorum
1072 748 1108 790 P
1127 748 1155 789 b
1185 747 1209 789 I
1237 748 1288 798 B,
1302 747 1348 789 'P
1368 747 1403 789 Z
1424 746 1445 788 I
1462 746 1504 787 T
1523 745 1576 787 ad
1597 761 1640 787 se
1658 746 1834 787 invicem

133 817 331 860 continuo
351 818 482 860 minui
501 828 786 875 supponantur
805 809 937 862 donec
955 827 1211 870 evanescant,
1235 827 1356 861 erunt
1380 808 1834 876 gravitates'particulae

130 890 190 940 D,
212 891 255 931 in
274 891 508 947 pyramides
531 892 577 934 D
599 892 641 933 N
662 892 717 933 N'
739 892 793 934 R'
814 892 869 942 R,
899 892 944 933 D
963 906 994 932 n
1012 892 1054 932 n'
1074 893 1108 932 r'
1127 907 1150 933 r
1177 899 1219 933 et
1236 891 1452 947 particulae
1475 890 1510 932 P
1529 891 1574 931 in
1592 890 1830 946 pyramides

133 961 170 1002 P
191 960 240 1003 M
265 961 330 1003 ΜΙ
350 962 398 1003 Z‘
418 963 467 1014 Z,
491 963 584 1004 Pm
602 964 659 1004 m'
678 964 714 1003 z'
732 978 756 1003 Ζ
774 962 920 1005 ultimo
937 963 981 1004 in
1001 963 1160 1004 ratione
1178 971 1384 1005 rectarum
1402 962 1518 1012 DN,
1540 962 1643 1012 Dn,
1667 962 1773 1006 PM
1792 969 1834 1004 et

132 1033 169 1090 P
188 1047 231 1074 m
259 1034 483 1088 respective
511 1048 588 1089 per
614 1035 790 1077 Lemma
816 1035 900 1077 III.
964 1036 1217 1092 Eaedemque
1236 1037 1343 1078 vires
1363 1035 1590 1093 secundum
1610 1042 1743 1079 rectas
1763 1022 1834 1077 axi

132 1104 174 1145 A
193 1120 230 1154 a,
251 1105 612 1160 perpendiculares
631 1106 843 1148 aestimatae
864 1115 986 1149 erunt
1005 1115 1051 1149 ut
1069 1115 1193 1149 rectae
1213 1106 1258 1149 D
1281 1107 1333 1158 V,
1355 1107 1400 1149 D
1420 1107 1474 1157 V,
1507 1101 1544 1148 P
1564 1106 1621 1156 Q,
1654 1106 1688 1148 P
1710 1121 1738 1162 q
1767 1121 1833 1148 re-

130 1177 321 1234 spective.
383 1179 509 1221 Unde
538 1179 632 1221 cum
663 1180 700 1221 P
721 1179 763 1229 Q
784 1180 829 1231 ζ
851 1180 888 1221 Ρ
907 1196 935 1236 q
961 1197 1003 1219 =
1031 1186 1056 1221 2
1078 1181 1122 1222 D
1144 1181 1185 1222 V
1212 1190 1288 1235 per
1318 1179 1459 1222 Corol.
1481 1185 1522 1238 4,
1553 1179 1674 1221 Lem.
1702 1179 1737 1221 I.
1768 1194 1833 1220 se-

129 1251 269 1308 quitur
288 1251 371 1292 vim
392 1250 473 1307 qua
493 1251 696 1306 particula
717 1251 754 1292 P
772 1260 943 1308 urgetur
960 1251 1101 1294 versus
1122 1266 1242 1293 axem
1262 1252 1303 1292 A
1318 1267 1356 1302 a,
1378 1251 1578 1308 gravitate
1599 1250 1672 1292 sua
1692 1251 1736 1292 in
1754 1265 1832 1306 py-

130 1322 308 1363 ramides
329 1321 366 1363 P
383 1321 435 1363 M
457 1321 522 1362 Μ’
544 1322 591 1362 ΖΙ
612 1321 660 1371 Ζ,
686 1321 722 1362 P
736 1336 779 1362 m
800 1323 856 1362 m'
870 1323 906 1362 z'
918 1337 940 1363 z
961 1322 1162 1378 aequalem
1182 1337 1270 1363 esse
1288 1322 1342 1372 vi,
1375 1320 1455 1377 qua
1475 1321 1676 1376 particula
1695 1322 1740 1364 D
1760 1336 1831 1365 ur-

130 1401 252 1450 getur
270 1392 472 1449 gravitate
490 1390 564 1433 sua
584 1390 725 1433 versus
744 1392 978 1447 pyramides
997 1392 1042 1434 D
1064 1392 1107 1433 N
1128 1392 1184 1433 N'
1206 1392 1260 1435 R'
1282 1392 1336 1442 R,
1359 1391 1404 1433 D
1424 1406 1452 1431 n
1471 1393 1514 1433 n'
1534 1393 1568 1432 r'
1588 1406 1623 1433 r.
1686 1392 1831 1441 Quare

129 1466 163 1514 si
181 1465 306 1520 plana
325 1464 369 1506 D
385 1464 428 1506 N
442 1464 496 1514 R,
520 1463 556 1506 P
569 1463 622 1506 M
637 1464 672 1507 Z
691 1463 770 1508 sibi
788 1462 933 1506 mutuo
948 1477 1110 1519 semper
1128 1464 1324 1524 parallela
1343 1471 1384 1504 et
1402 1463 1529 1517 plano
1551 1463 1587 1504 P
1598 1463 1626 1504 b
1641 1463 1662 1504 I
1679 1463 1715 1505 B
1734 1477 1830 1518 per-

126 1535 412 1591 pendicularia
431 1541 674 1576 moveantur
694 1549 855 1590 semper
875 1533 983 1576 circa
1001 1543 1156 1590 puncta
1175 1535 1219 1582 D
1240 1543 1281 1577 et
1302 1535 1338 1576 P
1366 1535 1503 1589 (rectis
1523 1535 1677 1576 scili'cet
1705 1535 1750 1576 D
1771 1534 1828 1586 N,

130 1607 167 1649 P
187 1607 240 1649 M
259 1605 577 1661 procedentibus
597 1619 760 1660 semper
779 1605 822 1646 in
841 1605 968 1661 plano
990 1606 1026 1647 P
1045 1607 1074 1646 b
1093 1606 1117 1647 1
1139 1606 1190 1656 B,
1212 1614 1254 1647 et
1272 1605 1393 1646 rectis
1412 1605 1457 1646 D
1481 1605 1534 1655 R,
1561 1605 1596 1646 P
1614 1620 1637 1645 z
1665 1605 1710 1645 in
1737 1605 1828 1659 pla-

124 1694 182 1721 no
218 1679 255 1721 P
282 1678 319 1720 Z
348 1678 370 1719 I
400 1677 457 1730 T)
494 1685 617 1719 erunt
644 1677 751 1719 vires
781 1677 929 1733 quibus
957 1676 1158 1732 particula
1188 1676 1224 1717 P
1252 1684 1425 1732 urgetur
1453 1674 1595 1717 versus
1624 1689 1744 1716 axem
1775 1689 1830 1716 ex

120 1750 327 1808 *gravitate
356 1747 430 1790 sua
458 1748 502 1789 in
528 1747 660 1790 frusta
688 1754 805 1792 motu
843 1747 1063 1802 planorum
1104 1747 1141 1788 P
1161 1746 1214 1788 M
1236 1747 1283 1797 Z,
1318 1746 1355 1788 Ρ
1382 1761 1426 1787 m
1454 1761 1477 1787 Ζ
1511 1746 1569 1787 sic
1603 1745 1824 1800 descripta,
1851 1788 1854 1791 ,

124 1820 304 1877 aequales
325 1833 484 1874 semper
503 1818 672 1868 viribus,
702 1818 850 1873 quibus
869 1817 1071 1872 particula
1090 1817 1135 1859 D
1155 1825 1328 1873 urgetur
1346 1816 1488 1861 versus
1507 1816 1687 1862 eundem
1706 1832 1828 1858 axem

123 1892 322 1949 gravitate
351 1890 424 1931 sua
449 1890 498 1930 in
525 1889 654 1931 frusta
682 1897 799 1932 motu
825 1889 1045 1943 planorum
1074 1889 1118 1931 D
1140 1888 1183 1930 N
1206 1889 1259 1939 R,
1290 1888 1335 1931 D
1355 1903 1385 1930 n
1404 1904 1426 1929 r
1456 1889 1686 1943 descripta3
1716 1889 1829 1931 unde

125 1961 308 2017 sequitur
335 1959 579 2014 particulam
609 1959 645 2001 P
664 1960 804 2015 urgeri
832 1959 978 2005 eadem
998 1960 1039 2000 vi
1068 1958 1296 2009 secundum
1315 1967 1469 2000 rectam
1491 1959 1528 2000 P
1549 1959 1606 2009 K,
1627 1959 1829 2015 gravitate

125 2032 198 2074 sua
219 2031 262 2071 in
282 2030 412 2071 frusta
429 2029 563 2084 planis
592 2029 628 2070 P
646 2029 675 2069 b
696 2029 731 2079 I,
759 2029 796 2070 P
814 2044 838 2070 Ζ
858 2029 894 2080 1,
925 2037 966 2070 et
984 2029 1118 2084 planis
1150 2029 1186 2070 P
1208 2029 1245 2070 B
1267 2029 1303 2078 Ι,
1337 2029 1373 2070 P
1394 2029 1435 2070 T
1457 2029 1478 2069 I
1509 2036 1714 2079 contenta,
1745 2029 1826 2086 qua

123 2102 326 2159 particula
356 2102 400 2143 D
429 2100 562 2143 tendit
588 2099 729 2142 versus
755 2100 887 2142 frusta
913 2101 1047 2156 planis
1078 2100 1123 2141 D
1143 2114 1173 2140 n
1194 2099 1237 2140 N
1257 2099 1316 2149 D,
1347 2099 1393 2141 D
1413 2113 1435 2139 r
1458 2099 1498 2140 R
1519 2099 1564 2141 D
1594 2100 1825 2142 terminata.

126 2174 309 2217 Proinde
338 2172 434 2214 cum
462 2172 529 2213 hae
558 2173 664 2214 vires
693 2172 922 2217 secundum
940 2180 1072 2214 rectas
1088 2171 1157 2213 axi
1176 2171 1300 2212 totius
1320 2170 1439 2212 solidi
1466 2172 1826 2226 perpendiculares

124 2246 337 2288 aestimatae
357 2246 440 2286 sint
459 2245 582 2286 etiam
600 2245 792 2301 aequales,
814 2254 856 2287 et
873 2259 950 2300 par
968 2245 1021 2287 sit
1039 2245 1146 2286 ratio
1165 2245 1313 2286 virium
1332 2244 1480 2300 quibus
1499 2245 1711 2299 particulae
1733 2246 1770 2288 P
1784 2253 1828 2288 et

124 2320 170 2362 D
199 2325 400 2376 urgentur
432 2319 574 2359 versus
610 2317 740 2359 frusta
770 2318 925 2373 quaevis
958 2317 1038 2359 alia
1071 2317 1258 2359 similiter
1297 2331 1351 2358 ex
1389 2315 1529 2357 solidis
1559 2325 1729 2367 resecta,
1761 2332 1825 2359 se-

126 2392 265 2447 quitur
301 2389 546 2446 particulam
590 2388 626 2432 P
669 2389 881 2445 aequaliter
918 2388 1059 2445 urgeri
1090 2402 1182 2430 vers
1212 2402 1232 2430 s
1275 2401 1397 2428 axem
1429 2387 1628 2443 gravitate
1667 2387 1741 2429 sua
1781 2388 1823 2428 in

126 2462 302 2504 solidum
334 2463 528 2519 exterius,
562 2469 604 2503 et
632 2461 876 2516 particulam
906 2461 952 2503 D
982 2460 1183 2518 gravitate
1211 2459 1284 2502 sua
1318 2460 1363 2500 in
1392 2459 1570 2501 solidum
1599 2459 1731 2500 simile
1759 2459 1805 2501 in

124 2533 266 2583 terius,
295 2532 362 2573 vel
390 2533 514 2574 etiam
547 2533 592 2574 in
625 2531 804 2573 solidum
837 2531 1030 2582 exterius,
1071 2525 1166 2573 cum
1197 2530 1265 2572 hae
1298 2530 1406 2572 vires
1442 2530 1524 2571 sint
1558 2529 1714 2571 eaedem
1746 2544 1823 2585 per

128 2605 268 2648 Corol.
290 2610 331 2646 2.
359 2604 478 2646 Lem.
500 2604 584 2646 ΙΙΙ.

184 2676 317 2720 Simili
344 2675 468 2731 plane
487 2677 646 2718 ratione
665 2676 871 2734 colligitur
898 2676 994 2726 vim,
1027 2674 1107 2731 qua
1127 2675 1328 2730 particula
1349 2675 1386 2717 P
1405 2682 1576 2731 urgetur
1596 2673 1822 2716 secundum

125 2758 279 2791 rectam
298 2747 367 2789 axi
385 2747 636 2802 parallelam,
657 2748 860 2804 aequalem
879 2761 967 2790 esse
986 2746 1039 2797 vi,
1057 2745 1137 2802 qua
1156 2745 1356 2801 particula
1378 2745 1421 2786 K
1445 2746 1489 2786 in
1508 2758 1586 2785 axe
1605 2744 1683 2785 sita
1701 2759 1822 2801 urge-

126 2829 194 2862 tur
212 2818 356 2862 versus
376 2826 563 2860 centrum
584 2819 714 2861 solidi.

186 2892 278 2932 Cor.
303 2896 341 2931 1.
371 2888 592 2930 Particulae
610 2888 738 2945 igitur
757 2890 912 2946 quaevis
932 2887 1174 2944 sphae'roidis
1194 2888 1406 2943 aequaliter
1432 2887 1484 2928 ab
1506 2901 1584 2928 axe
1602 2884 1668 2929 vel
1685 2902 1823 2943 aequa-

126 2970 218 3004 tore
252 2962 372 3003 solidi
405 2962 602 3003 distantes
635 2963 847 3018 aequaliter
878 2962 1018 3021 versus
1054 2977 1175 3004 axem
1212 2962 1278 3003 vel
1316 2968 1572 3016 aequatorem
1610 2970 1823 3018 urgentur.

128 3033 328 3089 Viresque
358 3033 504 3089 quibus
532 3033 744 3088 particulae
763 3035 916 3090 quaevis
943 3042 1143 3091 urgentur
1169 3031 1310 3074 versus
1331 3046 1453 3073 axem
1471 3040 1570 3074 sunt
1589 3041 1636 3074 ut
1657 3033 1823 3074 illarum

172 3106 253 3138 Vor..
274 3106 346 3137 111.
963 3107 995 3137 R
