2092 3470
252 219 383 261 xxxvi
735 220 990 263 INTROD.
1021 221 1108 264 AD
1138 214 1318 264 TERT.
1351 221 1467 264 LIB.
1707 221 1835 272 [CAP.
1856 219 1942 263 ΙΙΙ.

250 332 397 374 medio'
418 333 471 374 ad
500 332 637 374 locum
669 334 774 376 Solis
803 335 1094 377 inveniendum
1106 351 1117 385 ;
1158 334 1253 377 cum
1287 334 1397 377 enim
1430 343 1592 390 tempus
1626 347 1829 390 apparens
1854 340 1945 375 ‘non

248 403 424 444 multum
444 402 605 445 differat
624 412 852 460 artempore
872 406 1020 456 medio,
1053 406 1284 447 differentia
1302 405 1409 447 inter
1429 406 1709 447 ascensionem
1729 413 1884 446 rectam
1903 412 1946 447 et

248 473 550 529 longitudinem
577 462 756 516 mediam
788 476 895 518 Solis
925 483 987 517 est
1016 491 1141 531 quam
1169 475 1359 531 proxime
1387 475 1544 526 eadem,
1577 474 1661 516 sive
1687 489 1762 530 per
1781 470 1954 530 tempus'

248 545 444 596 medium,
467 546 551 589 sive
571 562 647 602 per
666 555 829 603 tempus
850 563 1052 603 apparens
1071 548 1314 603 inquiratur.

305 621 373 662 47.
403 618 498 660 Jam
516 618 615 660 vero
636 619 670 660 si
689 627 874 674 tempore
895 619 1037 675 quovis
1059 627 1283 674 apparente
1302 619 1542 660 observetur
1565 617 1671 660 Solis
1692 617 1877 659 ascensio
1903 623 1944 658 et

247 689 466 748 longitudo
488 706 602 750 vera,
633 691 811 747 indeque
840 699 1008 733 eruatur
1039 691 1166 746 ipsius
1194 689 1411 747 longitudo
1439 689 1576 730 media
1597 688 1687 743 (44)
1710 703 1757 729 ac
1782 697 1944 743 tempus

248 777 448 819 apparens
483 772 744 806 convertatur
776 764 820 804 in
852 771 1015 819 tempus
1048 763 1232 804 medium
1264 762 1354 818 (47)
1386 761 1628 802 habebimus
1662 760 1802 801 locum
1836 759 1944 801 Solis

246 835 429 876 medium
446 850 524 891 pro
544 835 641 877 dato
656 835 852 890 temporis
872 834 998 875 medii
1017 842 1239 884 momento,
1257 842 1298 874 et
1311 833 1380 874 hic
1399 832 1513 873 locus
1530 831 1608 872 erit
1622 830 1742 872 radix
1757 838 1945 871 motuum

250 905 370 955 Solis,
401 914 656 947 momentum
684 904 784 947 vero
811 905 1009 960 temporis
1029 904 1157 946 medii
1176 904 1319 946 datum
1340 903 1499 959 epocha
1518 898 1752 957 temporum
1772 915 1945 956 compu-

246 975 492 1025 tandorum3
532 976 678 1032 quibus
708 975 832 1017 semel
864 975 1093 1016 constitutis
1127 974 1182 1016 ad
1215 975 1428 1031 quodlibet
1462 973 1575 1014 aliud
1604 972 1748 1014 datum
1781 979 1944 1027 tempus

245 1047 428 1088 medium
461 1047 526 1090 vel
557 1061 758 1103 apparens
793 1048 966 1089 inveniri
993 1047 1145 1102 poterit
1172 1047 1286 1089 locus
1320 1047 1426 1089 Solis
1464 1061 1584 1087 verus
1618 1045 1684 1087 vel
1711 1044 1872 1085 medius
1899 1043 1944 1084 in

249 1115 435 1174 ecliptica
467 1127 508 1160 et
543 1118 698 1161 contra.
760 1119 1041 1174 Exposuimus
1070 1120 1158 1175 jam
1194 1120 1284 1175 (44)
1320 1117 1529 1175 quomodo
1563 1118 1678 1159 locus
1710 1117 1816 1160 Solis
1847 1115 1944 1158 dato

245 1195 430 1244 tempore
457 1188 595 1230 medio
614 1189 855 1244 inquiratur.
918 1190 963 1231 Si
982 1189 1125 1231 datum
1145 1190 1196 1231 sit
1217 1198 1379 1245 tempus
1400 1204 1618 1245 apparens,
1640 1188 1723 1230 hoc
1742 1196 1942 1243 tanquam

244 1264 408 1314 tempus
437 1258 620 1300 medium
646 1266 867 1314 usurpetur
886 1266 928 1299 et
947 1267 1156 1314 quaeratur
1175 1259 1290 1301 locus
1313 1259 1420 1302 Solis
1441 1274 1561 1301 verus
1579 1259 1678 1300 huic
1697 1271 1942 1312 correspon-

246 1329 350 1370 dens
393 1330 508 1384 (44);
558 1328 708 1370 deinde
746 1329 995 1386 longitudini
1037 1330 1144 1371 Solis
1178 1331 1236 1371 sic
1269 1331 1448 1372 inventae
1477 1339 1638 1372 tantum
1671 1322 1948 1387 longitudinis*

245 1400 422 1442 addatur
449 1400 515 1445 vel
541 1399 731 1441 dematur
749 1407 950 1456 quantum
975 1401 1172 1455 temporis
1192 1399 1415 1456 aequationi
1434 1401 1607 1442 debetur
1624 1408 1669 1442 et
1686 1399 1744 1441 ita
1761 1399 1944 1455 prodibit

184 1459 188 1466 ’
243 1473 358 1514 locus
387 1472 493 1515 Solis
517 1473 695 1528 tempori
715 1471 929 1528 apparenti
949 1472 1216 1527 respondens.
1279 1473 1417 1514 Facile
1437 1480 1500 1514 est
1519 1487 1573 1514 ex
1591 1469 1711 1513 dictis
1730 1470 1943 1527 problema

243 1535 451 1585 inversum
481 1544 650 1593 solvere,
683 1558 755 1585 seu
778 1558 832 1584 ex
851 1543 948 1584 dato
966 1543 1059 1584 loco
1082 1543 1188 1585 Solis
1209 1543 1348 1584 medio
1368 1551 1441 1584 aut
1459 1558 1559 1585 vero
1578 1551 1740 1598 tempus
1760 1541 1949 1583 medium*

244 1624 315 1658 aut
333 1631 535 1672 apparens
555 1616 652 1657 huic
677 1616 784 1658 Solis
803 1615 897 1656 loco
917 1615 1172 1670 respondens
1192 1615 1388 1656 invenire.

255 1695 271 1697 ”
300 1694 369 1730 48.
402 1688 492 1729 Nec
518 1702 622 1742 opus
651 1695 714 1728 est
741 1694 789 1728 ut
807 1701 1048 1728 moneamus
1068 1686 1233 1728 easdem
1253 1701 1341 1728 esse
1359 1694 1550 1728 motuum
1569 1685 1795 1728 coelestium
1816 1689 1943 1739 appa—

243 1758 407 1807 rentias,
439 1758 523 1798 sive
553 1757 703 1798 coelum
733 1771 855 1798 omne
885 1770 979 1797 cum
1011 1756 1137 1798 stellis
1167 1755 1277 1797 circa
1294 1756 1484 1798 tellurem
1505 1763 1622 1797 motu
1641 1755 1791 1797 diurno
1811 1754 1944 1796 revol-

243 1838 362 1872 vatur
390 1830 443 1871 ab
473 1830 632 1871 oriente
659 1830 703 1870 in
732 1829 1002 1879 occidentem,
1034 1828 1119 1870 sive
1147 1837 1258 1870 terra
1287 1827 1396 1870 circa
1413 1829 1630 1884 proprium
1649 1842 1771 1869 axem
1789 1826 1939 1867 eodem

243 1910 428 1957 tempore
459 1902 512 1943 ab
546 1901 759 1943 occidente
793 1902 837 1942 in
872 1908 1074 1942 orlentem
1103 1900 1286 1941 converti
1320 1908 1575 1955 supponatur
1606 1899 1780 1940 immoto
1809 1897 1940 1947 coelo;

247 1972 333 2015 sive
350 1973 483 2015 -etiam
510 1974 624 2034 terra
640 1973 810 2014 immota
828 1980 993 2023 maneat
1011 1979 1054 2013 et
1076 1971 1148 2014 Sol
1165 1972 1337 2027 proprio
1355 1979 1473 2013 motu
1492 1971 1544 2012 ab
1563 1985 1712 2012 occasu
1732 1969 1786 2010 ad
1805 1975 1943 2010 ortum

245 2045 411 2096 feratur,
444 2060 516 2088 seu
545 2046 654 2088 circa
679 2046 818 2088 Solem
845 2046 1063 2087 immotum
1091 2052 1203 2092 terra
1221 2051 1338 2086 motu
1358 2059 1497 2086 annuo
1525 2042 1870 2085 circumvolvatur
1896 2042 1941 2083 in

245 2117 445 2173 ecliptica,
523 2118 635 2159 Nam
662 2118 706 2159 in
735 2116 909 2174 utraque
940 2117 1223 2172 suppositione
1251 2115 1440 2159 diametri
1468 2122 1711 2172 apparentes
1730 2121 1772 2156 et
1783 2112 1940 2155 veloci-

245 2198 348 2233 tates
368 2184 548 2233 relativae
568 2197 664 2233 sunt
689 2190 858 2232 eaedem.
1547 2182 1549 2185 ¹
