<?xml version="1.0" encoding="UTF-8"?>
<!DOCTYPE html PUBLIC "-//W3C//DTD XHTML 1.0 Transitional//EN"
    "http://www.w3.org/TR/xhtml1/DTD/xhtml1-transitional.dtd">
<html xmlns="http://www.w3.org/1999/xhtml" xml:lang="en" lang="en">
 <head>
  <title>
</title>
<meta http-equiv="Content-Type" content="text/html;charset=utf-8" />
  <meta name='ocr-system' content='tesseract 3.04.00' />
  <meta name='ocr-capabilities' content='ocr_page ocr_carea ocr_par ocr_line ocrx_word'/>
</head>
<body>
  <div class='ocr_page' id='page_1' title='image "./philosophiaenatu03newtuoft_0266.png"; bbox 0 0 2092 3470; ppageno 0'>
   <div class='ocr_carea' id='block_1_1' title="bbox 152 623 1226 685">
    <p class='ocr_par' dir='ltr' id='par_1_1' title="bbox 152 623 1226 685">
     <span class='ocr_line' id='line_1_1' title="bbox 152 623 1226 685; baseline -0.001 -14"><span class='ocrx_word' id='word_1_1' title='bbox 152 623 156 629; x_wconf 25' lang='grc' dir='ltr'><em>Α</em></span> <span class='ocrx_word' id='word_1_2' title='bbox 230 629 275 670; x_wconf 89' lang='lat' dir='ltr'>D</span> <span class='ocrx_word' id='word_1_3' title='bbox 292 630 320 671; x_wconf 93' lang='lat' dir='ltr'>d</span> <span class='ocrx_word' id='word_1_4' title='bbox 340 637 381 671; x_wconf 89' lang='lat' dir='ltr'>et</span> <span class='ocrx_word' id='word_1_5' title='bbox 400 630 444 671; x_wconf 93' lang='lat' dir='ltr'>D</span> <span class='ocrx_word' id='word_1_6' title='bbox 464 630 499 671; x_wconf 94' lang='lat' dir='ltr'>P</span> <span class='ocrx_word' id='word_1_7' title='bbox 518 630 867 685; x_wconf 74' lang='lat' dir='ltr'>perpendicularis</span> <span class='ocrx_word' id='word_1_8' title='bbox 888 629 955 670; x_wconf 84' lang='lat' dir='ltr'>axi</span> <span class='ocrx_word' id='word_1_9' title='bbox 976 630 1020 671; x_wconf 91' lang='lat' dir='ltr'>D</span> <span class='ocrx_word' id='word_1_10' title='bbox 1034 630 1062 670; x_wconf 91' lang='lat' dir='ltr'>d</span> <span class='ocrx_word' id='word_1_11' title='bbox 1082 645 1226 671; x_wconf 90' lang='lat' dir='ltr'>occur-</span> 
     </span>
    </p>
   </div>
   <div class='ocr_carea' id='block_1_2' title="bbox 233 229 1541 277">
    <p class='ocr_par' dir='ltr' id='par_1_2' title="bbox 233 229 1541 277">
     <span class='ocr_line' id='line_1_2' title="bbox 233 229 1541 277; baseline 0.005 -6"><span class='ocrx_word' id='word_1_12' title='bbox 233 235 314 271; x_wconf 83' lang='lat'>218</span> <span class='ocrx_word' id='word_1_13' title='bbox 481 256 483 258; x_wconf 93' lang='lat'><em>-</em></span> <span class='ocrx_word' id='word_1_14' title='bbox 632 229 718 271; x_wconf 90' lang='lat' dir='ltr'>DE</span> <span class='ocrx_word' id='word_1_15' title='bbox 750 229 952 274; x_wconf 88' lang='lat' dir='ltr'>CAUSA</span> <span class='ocrx_word' id='word_1_16' title='bbox 987 230 1258 273; x_wconf 90' lang='lat' dir='ltr'><strong>PHYSICA</strong></span> <span class='ocrx_word' id='word_1_17' title='bbox 1290 232 1541 277; x_wconf 89' lang='lat' dir='ltr'>FLUXUS</span> 
     </span>
    </p>
   </div>
   <div class='ocr_carea' id='block_1_3' title="bbox 1630 347 1646 376">
    <p class='ocr_par' dir='ltr' id='par_1_3' title="bbox 1630 347 1646 376">
     <span class='ocr_line' id='line_1_3' title="bbox 1630 347 1646 376; baseline 0 0"><span class='ocrx_word' id='word_1_18' title='bbox 1630 347 1646 376; x_wconf 68' lang='lat'>3</span> 
     </span>
    </p>
   </div>
   <div class='ocr_carea' id='block_1_4' title="bbox 1344 387 1935 788">
    <p class='ocr_par' dir='ltr' id='par_1_4' title="bbox 1310 347 1935 788">
     <span class='ocr_line' id='line_1_4' title="bbox 1344 387 1935 788; baseline 0.022 -97.238"><span class='ocrx_word' id='word_1_19' title='bbox 1344 387 1935 788; x_wconf 49' lang='lat' dir='ltr'>ff</span> 
     </span>
    </p>
   </div>
   <div class='ocr_carea' id='block_1_5' title="bbox 1345 692 1897 820">
    <p class='ocr_par' dir='ltr' id='par_1_5' title="bbox 1345 692 1897 820">
     <span class='ocr_line' id='line_1_5' title="bbox 1345 692 1897 820; baseline 0.002 -32"><span class='ocrx_word' id='word_1_20' title='bbox 1345 692 1658 820; x_wconf 55' lang='lat' dir='ltr'>rum]</span> <span class='ocrx_word' id='word_1_21' title='bbox 1718 698 1897 789; x_wconf 66' lang='lat' dir='ltr'>un</span> 
     </span>
    </p>
   </div>
   <div class='ocr_carea' id='block_1_6' title="bbox 1748 792 1799 835">
    <p class='ocr_par' dir='ltr' id='par_1_6' title="bbox 1748 792 1799 835">
     <span class='ocr_line' id='line_1_6' title="bbox 1748 792 1799 835; baseline 0 0"><span class='ocrx_word' id='word_1_22' title='bbox 1748 792 1799 835; x_wconf 71' lang='lat' dir='ltr'>V</span> 
     </span>
    </p>
   </div>
   <div class='ocr_carea' id='block_1_7' title="bbox 235 343 1228 399">
    <p class='ocr_par' dir='ltr' id='par_1_7' title="bbox 235 343 1228 399">
     <span class='ocr_line' id='line_1_7' title="bbox 235 343 1228 399; baseline 0.001 -14"><span class='ocrx_word' id='word_1_23' title='bbox 235 352 275 385; x_wconf 87' lang='lat' dir='ltr'>et</span> <span class='ocrx_word' id='word_1_24' title='bbox 295 344 335 385; x_wconf 94' lang='lat' dir='ltr'>V</span> <span class='ocrx_word' id='word_1_25' title='bbox 351 343 394 384; x_wconf 93' lang='lat' dir='ltr'>N</span> <span class='ocrx_word' id='word_1_26' title='bbox 422 359 462 381; x_wconf 93' lang='lat'>=</span> <span class='ocrx_word' id='word_1_27' title='bbox 490 357 513 384; x_wconf 89' lang='lat' dir='ltr'>e</span> <span class='ocrx_word' id='word_1_28' title='bbox 533 357 566 394; x_wconf 88' lang='lat' dir='ltr'>r,</span> <span class='ocrx_word' id='word_1_29' title='bbox 600 343 637 391; x_wconf 90' lang='lat' dir='ltr'><strong>P</strong></span> <span class='ocrx_word' id='word_1_30' title='bbox 660 343 712 386; x_wconf 93' lang='lat' dir='ltr'>M</span> <span class='ocrx_word' id='word_1_31' title='bbox 739 343 935 399; x_wconf 81' lang='lat' dir='ltr'>parallela</span> <span class='ocrx_word' id='word_1_32' title='bbox 968 352 1091 386; x_wconf 82' lang='lat' dir='ltr'>rectae</span> <span class='ocrx_word' id='word_1_33' title='bbox 1122 345 1166 387; x_wconf 93' lang='lat' dir='ltr'>D</span> <span class='ocrx_word' id='word_1_34' title='bbox 1184 345 1228 386; x_wconf 95' lang='lat' dir='ltr'>N</span> 
     </span>
    </p>
   </div>
   <div class='ocr_carea' id='block_1_8' title="bbox 231 416 1226 612">
    <p class='ocr_par' dir='ltr' id='par_1_8' title="bbox 231 416 1226 612">
     <span class='ocr_line' id='line_1_8' title="bbox 232 416 665 458; baseline 0.002 -1"><span class='ocrx_word' id='word_1_35' title='bbox 232 423 277 457; x_wconf 84' lang='lat' dir='ltr'>et·</span> <span class='ocrx_word' id='word_1_36' title='bbox 296 416 332 457; x_wconf 94' lang='lat' dir='ltr'>P</span> <span class='ocrx_word' id='word_1_37' title='bbox 351 431 393 456; x_wconf 91' lang='lat' dir='ltr'>m</span> <span class='ocrx_word' id='word_1_38' title='bbox 414 423 537 457; x_wconf 86' lang='lat' dir='ltr'>rectae</span> <span class='ocrx_word' id='word_1_39' title='bbox 558 416 603 458; x_wconf 92' lang='lat' dir='ltr'>D</span> <span class='ocrx_word' id='word_1_40' title='bbox 623 431 665 458; x_wconf 88' lang='lat' dir='ltr'>n.</span> 
     </span>
     <span class='ocr_line' id='line_1_9' title="bbox 289 485 1226 543; baseline 0.001 -16"><span class='ocrx_word' id='word_1_41' title='bbox 289 488 379 528; x_wconf 86' lang='lat' dir='ltr'>Cor.</span> <span class='ocrx_word' id='word_1_42' title='bbox 402 492 443 527; x_wconf 80' lang='lat'>4.</span> <span class='ocrx_word' id='word_1_43' title='bbox 475 486 592 528; x_wconf 89' lang='lat' dir='ltr'>Hinc</span> <span class='ocrx_word' id='word_1_44' title='bbox 620 486 803 543; x_wconf 87' lang='lat' dir='ltr'>sequitur</span> <span class='ocrx_word' id='word_1_45' title='bbox 832 485 1027 527; x_wconf 64' lang='lat' dir='ltr'>converse</span> <span class='ocrx_word' id='word_1_46' title='bbox 1053 487 1165 542; x_wconf 90' lang='lat' dir='ltr'>quod</span> <span class='ocrx_word' id='word_1_47' title='bbox 1192 488 1226 528; x_wconf 88' lang='lat' dir='ltr'>si</span> 
     </span>
     <span class='ocr_line' id='line_1_10' title="bbox 231 558 1226 612; baseline 0 -13"><span class='ocrx_word' id='word_1_48' title='bbox 231 558 275 599; x_wconf 93' lang='lat' dir='ltr'>N</span> <span class='ocrx_word' id='word_1_49' title='bbox 289 573 317 598; x_wconf 93' lang='lat' dir='ltr'>n</span> <span class='ocrx_word' id='word_1_50' title='bbox 338 559 390 600; x_wconf 90' lang='lat' dir='ltr'>sit</span> <span class='ocrx_word' id='word_1_51' title='bbox 410 558 596 599; x_wconf 82' lang='lat' dir='ltr'>ordinata</span> <span class='ocrx_word' id='word_1_52' title='bbox 616 558 669 599; x_wconf 83' lang='lat' dir='ltr'>ab</span> <span class='ocrx_word' id='word_1_53' title='bbox 690 558 875 599; x_wconf 88' lang='lat' dir='ltr'>interiori</span> <span class='ocrx_word' id='word_1_54' title='bbox 890 558 1023 612; x_wconf 83' lang='lat' dir='ltr'>ellipsi</span> <span class='ocrx_word' id='word_1_55' title='bbox 1038 558 1090 598; x_wconf 85' lang='lat' dir='ltr'>ad</span> <span class='ocrx_word' id='word_1_56' title='bbox 1105 573 1226 599; x_wconf 85' lang='lat' dir='ltr'><strong>axem</strong></span> 
     </span>
    </p>
   </div>
   <div class='ocr_carea' id='block_1_9' title="bbox 1630 383 1906 832">
    <p class='ocr_par' dir='ltr' id='par_1_9' title="bbox 1630 383 1906 832">
     <span class='ocr_line' id='line_1_11' title="bbox 1630 383 1906 832; baseline 0 -278"><span class='ocrx_word' id='word_1_57' title='bbox 1630 383 1889 653; x_wconf 95' lang='lat' dir='ltr'>   </span> <span class='ocrx_word' id='word_1_58' title='bbox 1897 717 1906 832; x_wconf 95' lang='lat' dir='ltr'> </span> 
     </span>
    </p>
   </div>
   <div class='ocr_carea' id='block_1_10' title="bbox 159 701 1771 1322">
    <p class='ocr_par' dir='ltr' id='par_1_10' title="bbox 227 701 1321 899">
     <span class='ocr_line' id='line_1_12' title="bbox 228 701 1274 757; baseline 0 -14"><span class='ocrx_word' id='word_1_59' title='bbox 228 709 293 743; x_wconf 87' lang='lat' dir='ltr'>rat</span> <span class='ocrx_word' id='word_1_60' title='bbox 321 701 454 757; x_wconf 87' lang='lat' dir='ltr'>ellipsi</span> <span class='ocrx_word' id='word_1_61' title='bbox 483 701 677 742; x_wconf 80' lang='lat' dir='ltr'>exteriori</span> <span class='ocrx_word' id='word_1_62' title='bbox 705 701 748 741; x_wconf 88' lang='lat' dir='ltr'>in</span> <span class='ocrx_word' id='word_1_63' title='bbox 780 701 838 750; x_wconf 84' lang='lat' dir='ltr'>P3</span> <span class='ocrx_word' id='word_1_64' title='bbox 863 702 1090 757; x_wconf 86' lang='lat' dir='ltr'>jungantur</span> <span class='ocrx_word' id='word_1_65' title='bbox 1117 702 1161 743; x_wconf 94' lang='lat' dir='ltr'>D</span> <span class='ocrx_word' id='word_1_66' title='bbox 1184 702 1226 743; x_wconf 93' lang='lat' dir='ltr'>N</span> <span class='ocrx_word' id='word_1_67' title='bbox 1272 721 1274 725; x_wconf 88' lang='lat'><em>·</em></span> 
     </span>
     <span class='ocr_line' id='line_1_13' title="bbox 228 765 1321 829; baseline -0.001 -15"><span class='ocrx_word' id='word_1_68' title='bbox 228 781 270 814; x_wconf 88' lang='lat' dir='ltr'>et</span> <span class='ocrx_word' id='word_1_69' title='bbox 289 773 334 815; x_wconf 93' lang='lat' dir='ltr'>D</span> <span class='ocrx_word' id='word_1_70' title='bbox 353 788 395 823; x_wconf 89' lang='lat' dir='ltr'>n,</span> <span class='ocrx_word' id='word_1_71' title='bbox 416 773 563 829; x_wconf 90' lang='lat' dir='ltr'>hisque</span> <span class='ocrx_word' id='word_1_72' title='bbox 581 773 788 827; x_wconf 78' lang='lat' dir='ltr'>parallelae</span> <span class='ocrx_word' id='word_1_73' title='bbox 811 773 847 814; x_wconf 94' lang='lat' dir='ltr'>P</span> <span class='ocrx_word' id='word_1_74' title='bbox 868 772 932 822; x_wconf 91' lang='lat' dir='ltr'>M,</span> <span class='ocrx_word' id='word_1_75' title='bbox 958 773 994 813; x_wconf 93' lang='lat' dir='ltr'>P</span> <span class='ocrx_word' id='word_1_76' title='bbox 1013 788 1053 813; x_wconf 92' lang='lat' dir='ltr'>m</span> <span class='ocrx_word' id='word_1_77' title='bbox 1081 788 1225 814; x_wconf 88' lang='lat' dir='ltr'>occur—</span> <span class='ocrx_word' id='word_1_78' title='bbox 1284 765 1321 801; x_wconf 81' lang='grc' dir='ltr'><strong>Α</strong></span> 
     </span>
     <span class='ocr_line' id='line_1_14' title="bbox 227 843 1225 899; baseline 0.002 -15"><span class='ocrx_word' id='word_1_79' title='bbox 227 852 322 886; x_wconf 85' lang='lat' dir='ltr'>rant</span> <span class='ocrx_word' id='word_1_80' title='bbox 351 843 484 899; x_wconf 88' lang='lat' dir='ltr'>ellipsi</span> <span class='ocrx_word' id='word_1_81' title='bbox 513 844 707 886; x_wconf 86' lang='lat' dir='ltr'><strong>exteriori</strong></span> <span class='ocrx_word' id='word_1_82' title='bbox 735 844 779 884; x_wconf 90' lang='lat' dir='ltr'>in</span> <span class='ocrx_word' id='word_1_83' title='bbox 807 843 860 885; x_wconf 92' lang='lat' dir='ltr'>M</span> <span class='ocrx_word' id='word_1_84' title='bbox 888 851 929 884; x_wconf 87' lang='lat' dir='ltr'>et</span> <span class='ocrx_word' id='word_1_85' title='bbox 955 858 1019 893; x_wconf 84' lang='lat' dir='ltr'>m3</span> <span class='ocrx_word' id='word_1_86' title='bbox 1050 844 1225 886; x_wconf 88' lang='lat' dir='ltr'>ducatur</span> 
     </span>
    </p>

    <p class='ocr_par' dir='ltr' id='par_1_11' title="bbox 225 912 1223 1109">
     <span class='ocr_line' id='line_1_15' title="bbox 229 912 1223 968; baseline -0.001 -13"><span class='ocrx_word' id='word_1_87' title='bbox 229 913 267 955; x_wconf 93' lang='lat' dir='ltr'><strong>P</strong></span> <span class='ocrx_word' id='word_1_88' title='bbox 288 913 337 955; x_wconf 94' lang='lat' dir='ltr'>H</span> <span class='ocrx_word' id='word_1_89' title='bbox 364 913 562 967; x_wconf 86' lang='lat' dir='ltr'>parallela</span> <span class='ocrx_word' id='word_1_90' title='bbox 581 913 651 954; x_wconf 83' lang='lat' dir='ltr'>axi</span> <span class='ocrx_word' id='word_1_91' title='bbox 680 913 724 954; x_wconf 95' lang='lat' dir='ltr'>D</span> <span class='ocrx_word' id='word_1_92' title='bbox 745 912 787 963; x_wconf 88' lang='lat' dir='ltr'>d,</span> <span class='ocrx_word' id='word_1_93' title='bbox 818 912 862 955; x_wconf 90' lang='lat' dir='ltr'>in</span> <span class='ocrx_word' id='word_1_94' title='bbox 883 927 1007 968; x_wconf 84' lang='lat' dir='ltr'>quam</span> <span class='ocrx_word' id='word_1_95' title='bbox 1029 913 1110 954; x_wconf 91' lang='lat' dir='ltr'>sint</span> <span class='ocrx_word' id='word_1_96' title='bbox 1128 928 1223 968; x_wconf 91' lang='lat' dir='ltr'>per-</span> 
     </span>
     <span class='ocr_line' id='line_1_16' title="bbox 225 982 1223 1041; baseline 0.001 -16"><span class='ocrx_word' id='word_1_97' title='bbox 225 983 511 1039; x_wconf 85' lang='lat' dir='ltr'>pendiculares</span> <span class='ocrx_word' id='word_1_98' title='bbox 533 982 585 1024; x_wconf 95' lang='lat' dir='ltr'>M</span> <span class='ocrx_word' id='word_1_99' title='bbox 603 982 646 1031; x_wconf 99' lang='lat' dir='ltr'>Q</span> <span class='ocrx_word' id='word_1_100' title='bbox 666 989 707 1023; x_wconf 90' lang='lat' dir='ltr'>et</span> <span class='ocrx_word' id='word_1_101' title='bbox 726 996 769 1022; x_wconf 91' lang='lat' dir='ltr'>m</span> <span class='ocrx_word' id='word_1_102' title='bbox 782 997 822 1038; x_wconf 91' lang='lat' dir='ltr'>q,</span> <span class='ocrx_word' id='word_1_103' title='bbox 844 989 932 1022; x_wconf 89' lang='lat' dir='ltr'>tum</span> <span class='ocrx_word' id='word_1_104' title='bbox 957 982 992 1023; x_wconf 94' lang='lat' dir='ltr'>P</span> <span class='ocrx_word' id='word_1_105' title='bbox 1005 982 1048 1032; x_wconf 92' lang='lat' dir='ltr'>Q</span> <span class='ocrx_word' id='word_1_106' title='bbox 1076 991 1117 1033; x_wconf 82' lang='lat'><strong>÷</strong></span> <span class='ocrx_word' id='word_1_107' title='bbox 1148 985 1223 1041; x_wconf 90' lang='lat' dir='ltr'>Pq</span> 
     </span>
     <span class='ocr_line' id='line_1_17' title="bbox 227 1053 1223 1109; baseline 0.001 -14"><span class='ocrx_word' id='word_1_108' title='bbox 227 1054 310 1109; x_wconf 89' lang='lat' dir='ltr'>(vel</span> <span class='ocrx_word' id='word_1_109' title='bbox 340 1059 366 1094; x_wconf 80' lang='grc'><strong>2</strong></span> <span class='ocrx_word' id='word_1_110' title='bbox 390 1054 426 1095; x_wconf 90' lang='grc' dir='ltr'>Ρ</span> <span class='ocrx_word' id='word_1_111' title='bbox 445 1053 484 1106; x_wconf 87' lang='lat' dir='ltr'>e)</span> <span class='ocrx_word' id='word_1_112' title='bbox 517 1053 594 1094; x_wconf 87' lang='lat' dir='ltr'>erit</span> <span class='ocrx_word' id='word_1_113' title='bbox 613 1053 783 1108; x_wconf 86' lang='lat' dir='ltr'>aequalis</span> <span class='ocrx_word' id='word_1_114' title='bbox 813 1058 838 1094; x_wconf 79' lang='lat'><em>2</em></span> <span class='ocrx_word' id='word_1_115' title='bbox 860 1053 904 1095; x_wconf 94' lang='lat' dir='ltr'>D</span> <span class='ocrx_word' id='word_1_116' title='bbox 926 1053 966 1095; x_wconf 93' lang='lat' dir='ltr'>V</span> <span class='ocrx_word' id='word_1_117' title='bbox 995 1055 1158 1109; x_wconf 86' lang='lat' dir='ltr'>punctis</span> <span class='ocrx_word' id='word_1_118' title='bbox 1179 1056 1223 1106; x_wconf 87' lang='lat' dir='ltr'>Q</span> 
     </span>
    </p>

    <p class='ocr_par' dir='ltr' id='par_1_12' title="bbox 159 1122 1771 1322">
     <span class='ocr_line' id='line_1_18' title="bbox 225 1122 1750 1180; baseline 0.003 -15"><span class='ocrx_word' id='word_1_119' title='bbox 225 1132 267 1165; x_wconf 91' lang='lat' dir='ltr'>et</span> <span class='ocrx_word' id='word_1_120' title='bbox 287 1138 314 1179; x_wconf 95' lang='lat' dir='ltr'>q</span> <span class='ocrx_word' id='word_1_121' title='bbox 334 1122 575 1164; x_wconf 80' lang='lat' dir='ltr'><strong>cadentibus</strong></span> <span class='ocrx_word' id='word_1_122' title='bbox 596 1122 650 1164; x_wconf 88' lang='lat' dir='ltr'>ad</span> <span class='ocrx_word' id='word_1_123' title='bbox 670 1123 835 1164; x_wconf 83' lang='lat' dir='ltr'>easdem</span> <span class='ocrx_word' id='word_1_124' title='bbox 851 1132 990 1178; x_wconf 83' lang='lat' dir='ltr'>partes</span> <span class='ocrx_word' id='word_1_125' title='bbox 1009 1126 1153 1180; x_wconf 89' lang='lat' dir='ltr'>puncti</span> <span class='ocrx_word' id='word_1_126' title='bbox 1171 1127 1220 1177; x_wconf 91' lang='lat' dir='ltr'>P,</span> <span class='ocrx_word' id='word_1_127' title='bbox 1708 1148 1750 1173; x_wconf 66' lang='lat' dir='ltr'>v</span> 
     </span>
     <span class='ocr_line' id='line_1_19' title="bbox 159 1178 1771 1253; baseline 0.004 -18"><span class='ocrx_word' id='word_1_128' title='bbox 159 1189 168 1195; x_wconf 64' lang='grc'><strong>’</strong></span> <span class='ocrx_word' id='word_1_129' title='bbox 225 1202 266 1236; x_wconf 87' lang='lat' dir='ltr'>et</span> <span class='ocrx_word' id='word_1_130' title='bbox 297 1193 1224 1253; x_wconf 77' lang='lat' dir='ltr'>PQ-Pq=2Dchert.qsunt</span> <span class='ocrx_word' id='word_1_131' title='bbox 1453 1178 1771 1235; x_wconf 58' lang='lat' dir='ltr'>(le-VM</span> 
     </span>
     <span class='ocr_line' id='line_1_20' title="bbox 227 1264 920 1322; baseline 0.004 -17"><span class='ocrx_word' id='word_1_132' title='bbox 227 1264 282 1306; x_wconf 82' lang='lat' dir='ltr'>ad</span> <span class='ocrx_word' id='word_1_133' title='bbox 301 1264 527 1322; x_wconf 82' lang='lat' dir='ltr'>contrarias</span> <span class='ocrx_word' id='word_1_134' title='bbox 546 1272 684 1319; x_wconf 85' lang='lat' dir='ltr'>partes</span> <span class='ocrx_word' id='word_1_135' title='bbox 704 1266 849 1320; x_wconf 81' lang='lat' dir='ltr'>puncti</span> <span class='ocrx_word' id='word_1_136' title='bbox 872 1267 920 1309; x_wconf 88' lang='lat' dir='ltr'>P.</span> 
     </span>
    </p>
   </div>
   <div class='ocr_carea' id='block_1_11' title="bbox 923 1365 1248 1408">
    <p class='ocr_par' dir='ltr' id='par_1_13' title="bbox 923 1365 1248 1408">
     <span class='ocr_line' id='line_1_21' title="bbox 923 1365 1248 1408; baseline 0.006 -2"><span class='ocrx_word' id='word_1_137' title='bbox 923 1365 1154 1408; x_wconf 83' lang='lat' dir='ltr'>LEMMA</span> <span class='ocrx_word' id='word_1_138' title='bbox 1188 1365 1248 1408; x_wconf 93' lang='grc' dir='ltr'>ΙΙ.</span> 
     </span>
    </p>
   </div>
   <div class='ocr_carea' id='block_1_12' title="bbox 1320 383 1906 1234">
    <p class='ocr_par' dir='ltr' id='par_1_14' title="bbox 1320 383 1906 1234">
     <span class='ocr_line' id='line_1_22' title="bbox 1320 383 1906 1234; baseline -0.017 -368"><span class='ocrx_word' id='word_1_139' title='bbox 1320 383 1906 1234; x_wconf 95' lang='lat' dir='ltr'>    </span> 
     </span>
    </p>
   </div>
   <div class='ocr_carea' id='block_1_13' title="bbox 220 1460 1934 2939">
    <p class='ocr_par' dir='ltr' id='par_1_15' title="bbox 222 1460 1130 2002">
     <span class='ocr_line' id='line_1_23' title="bbox 289 1460 1031 1518; baseline 0.007 -17"><span class='ocrx_word' id='word_1_140' title='bbox 289 1460 421 1502; x_wconf 83' lang='lat' dir='ltr'>Recta</span> <span class='ocrx_word' id='word_1_141' title='bbox 452 1461 488 1502; x_wconf 92' lang='lat' dir='ltr'><strong>P</strong></span> <span class='ocrx_word' id='word_1_142' title='bbox 516 1461 554 1502; x_wconf 95' lang='lat' dir='ltr'>L</span> <span class='ocrx_word' id='word_1_143' title='bbox 587 1462 939 1518; x_wconf 84' lang='lat' dir='ltr'>perpendicularis</span> <span class='ocrx_word' id='word_1_144' title='bbox 973 1465 1031 1506; x_wconf 88' lang='lat' dir='ltr'>el-</span> 
     </span>
     <span class='ocr_line' id='line_1_24' title="bbox 224 1529 1029 1584; baseline 0.007 -14"><span class='ocrx_word' id='word_1_145' title='bbox 224 1529 319 1584; x_wconf 87' lang='lat' dir='ltr'>lipsi</span> <span class='ocrx_word' id='word_1_146' title='bbox 351 1531 392 1572; x_wconf 96' lang='lat' dir='ltr'>A</span> <span class='ocrx_word' id='word_1_147' title='bbox 414 1531 452 1573; x_wconf 89' lang='lat' dir='ltr'>B</span> <span class='ocrx_word' id='word_1_148' title='bbox 478 1547 503 1573; x_wconf 84' lang='lat' dir='ltr'>a</span> <span class='ocrx_word' id='word_1_149' title='bbox 525 1532 554 1573; x_wconf 93' lang='lat' dir='ltr'>b</span> <span class='ocrx_word' id='word_1_150' title='bbox 583 1533 629 1574; x_wconf 90' lang='lat' dir='ltr'>in</span> <span class='ocrx_word' id='word_1_151' title='bbox 661 1533 710 1584; x_wconf 88' lang='lat' dir='ltr'>P,</span> <span class='ocrx_word' id='word_1_152' title='bbox 742 1543 932 1576; x_wconf 81' lang='lat' dir='ltr'>occurrat</span> <span class='ocrx_word' id='word_1_153' title='bbox 961 1537 1029 1576; x_wconf 80' lang='lat' dir='ltr'>axi</span> 
     </span>
     <span class='ocr_line' id='line_1_25' title="bbox 225 1602 1027 1659; baseline 0.007 -17"><span class='ocrx_word' id='word_1_154' title='bbox 225 1602 263 1642; x_wconf 89' lang='lat' dir='ltr'><strong>B</strong></span> <span class='ocrx_word' id='word_1_155' title='bbox 283 1602 312 1643; x_wconf 95' lang='lat' dir='ltr'>b</span> <span class='ocrx_word' id='word_1_156' title='bbox 331 1603 375 1643; x_wconf 91' lang='lat' dir='ltr'>in</span> <span class='ocrx_word' id='word_1_157' title='bbox 396 1602 448 1654; x_wconf 92' lang='lat' dir='ltr'>L,</span> <span class='ocrx_word' id='word_1_158' title='bbox 471 1612 513 1645; x_wconf 89' lang='lat' dir='ltr'>et</span> <span class='ocrx_word' id='word_1_159' title='bbox 532 1619 585 1645; x_wconf 89' lang='lat' dir='ltr'>ex</span> <span class='ocrx_word' id='word_1_160' title='bbox 604 1613 760 1659; x_wconf 87' lang='lat' dir='ltr'>puncto</span> <span class='ocrx_word' id='word_1_161' title='bbox 781 1605 819 1646; x_wconf 93' lang='lat' dir='ltr'>L</span> <span class='ocrx_word' id='word_1_162' title='bbox 850 1606 903 1646; x_wconf 89' lang='lat' dir='ltr'>sit</span> <span class='ocrx_word' id='word_1_163' title='bbox 933 1606 970 1647; x_wconf 93' lang='lat' dir='ltr'>L</span> <span class='ocrx_word' id='word_1_164' title='bbox 993 1607 1027 1648; x_wconf 95' lang='lat' dir='ltr'><strong>Z</strong></span> 
     </span>
     <span class='ocr_line' id='line_1_26' title="bbox 222 1675 1027 1729; baseline 0.005 -14"><span class='ocrx_word' id='word_1_165' title='bbox 222 1675 574 1729; x_wconf 85' lang='lat' dir='ltr'>perpendicularis</span> <span class='ocrx_word' id='word_1_166' title='bbox 595 1677 638 1717; x_wconf 93' lang='lat' dir='ltr'>in</span> <span class='ocrx_word' id='word_1_167' title='bbox 659 1677 1027 1719; x_wconf 82' lang='lat' dir='ltr'>semi-diametrum</span> 
     </span>
     <span class='ocr_line' id='line_1_27' title="bbox 226 1745 1130 1804; baseline 0.007 -18"><span class='ocrx_word' id='word_1_168' title='bbox 226 1745 264 1786; x_wconf 89' lang='lat' dir='ltr'>C</span> <span class='ocrx_word' id='word_1_169' title='bbox 290 1745 339 1795; x_wconf 92' lang='lat' dir='ltr'>P,</span> <span class='ocrx_word' id='word_1_170' title='bbox 371 1746 529 1802; x_wconf 87' lang='lat' dir='ltr'>eritque</span> <span class='ocrx_word' id='word_1_171' title='bbox 559 1748 844 1804; x_wconf 82' lang='lat' dir='ltr'>rectangulum</span> <span class='ocrx_word' id='word_1_172' title='bbox 877 1749 912 1790; x_wconf 87' lang='lat' dir='ltr'>C</span> <span class='ocrx_word' id='word_1_173' title='bbox 936 1749 971 1790; x_wconf 94' lang='lat' dir='ltr'><strong>P</strong></span> <span class='ocrx_word' id='word_1_174' title='bbox 993 1749 1028 1791; x_wconf 93' lang='lat' dir='ltr'>Z</span> <span class='ocrx_word' id='word_1_175' title='bbox 1118 1762 1130 1775; x_wconf 72' lang='lat'>⁸</span> 
     </span>
     <span class='ocr_line' id='line_1_28' title="bbox 224 1818 1028 1862; baseline 0.006 -5"><span class='ocrx_word' id='word_1_176' title='bbox 224 1824 464 1858; x_wconf 86' lang='lat' dir='ltr'>contentum</span> <span class='ocrx_word' id='word_1_177' title='bbox 485 1818 564 1859; x_wconf 93' lang='lat' dir='ltr'>sub</span> <span class='ocrx_word' id='word_1_178' title='bbox 586 1818 910 1860; x_wconf 87' lang='lat' dir='ltr'>semi-diametro</span> <span class='ocrx_word' id='word_1_179' title='bbox 934 1820 969 1861; x_wconf 88' lang='lat' dir='ltr'>C</span> <span class='ocrx_word' id='word_1_180' title='bbox 992 1821 1028 1862; x_wconf 94' lang='lat' dir='ltr'><strong>P</strong></span> 
     </span>
     <span class='ocr_line' id='line_1_29' title="bbox 224 1887 1028 1945; baseline 0.006 -17"><span class='ocrx_word' id='word_1_181' title='bbox 224 1895 265 1928; x_wconf 90' lang='lat' dir='ltr'>et</span> <span class='ocrx_word' id='word_1_182' title='bbox 284 1887 509 1943; x_wconf 56' lang='lat' dir='ltr'>intercepti}</span> <span class='ocrx_word' id='word_1_183' title='bbox 535 1889 572 1930; x_wconf 94' lang='lat' dir='ltr'><strong>P</strong></span> <span class='ocrx_word' id='word_1_184' title='bbox 594 1889 627 1931; x_wconf 94' lang='lat' dir='ltr'>Z</span> <span class='ocrx_word' id='word_1_185' title='bbox 647 1888 806 1945; x_wconf 83' lang='lat' dir='ltr'>aequale</span> <span class='ocrx_word' id='word_1_186' title='bbox 827 1890 1028 1945; x_wconf 82' lang='lat' dir='ltr'>quadrato</span> 
     </span>
     <span class='ocr_line' id='line_1_30' title="bbox 224 1958 622 2002; baseline 0.01 -4"><span class='ocrx_word' id='word_1_187' title='bbox 224 1972 276 1999; x_wconf 86' lang='lat' dir='ltr'>ex</span> <span class='ocrx_word' id='word_1_188' title='bbox 296 1958 489 2001; x_wconf 83' lang='lat' dir='ltr'>semi-axi</span> <span class='ocrx_word' id='word_1_189' title='bbox 510 1960 547 2002; x_wconf 92' lang='lat' dir='ltr'>C</span> <span class='ocrx_word' id='word_1_190' title='bbox 568 1960 622 2002; x_wconf 91' lang='lat' dir='ltr'>A.</span> 
     </span>
    </p>

    <p class='ocr_par' dir='ltr' id='par_1_16' title="bbox 220 2030 1934 2939">
     <span class='ocr_line' id='line_1_31' title="bbox 283 2030 1029 2089; baseline 0.004 -17"><span class='ocrx_word' id='word_1_191' title='bbox 283 2030 346 2072; x_wconf 91' lang='lat' dir='ltr'>Sit</span> <span class='ocrx_word' id='word_1_192' title='bbox 388 2031 424 2073; x_wconf 90' lang='lat' dir='ltr'>C</span> <span class='ocrx_word' id='word_1_193' title='bbox 452 2046 481 2086; x_wconf 92' lang='lat' dir='ltr'>p</span> <span class='ocrx_word' id='word_1_194' title='bbox 521 2031 842 2073; x_wconf 83' lang='lat' dir='ltr'>semi-diameter</span> <span class='ocrx_word' id='word_1_195' title='bbox 887 2034 1029 2089; x_wconf 89' lang='lat' dir='ltr'>conju-</span> 
     </span>
     <span class='ocr_line' id='line_1_32' title="bbox 223 2102 1029 2159; baseline 0.004 -16"><span class='ocrx_word' id='word_1_196' title='bbox 223 2107 327 2158; x_wconf 72' lang='lat' dir='ltr'>gata&#39;</span> <span class='ocrx_word' id='word_1_197' title='bbox 349 2102 428 2157; x_wconf 84' lang='lat' dir='ltr'>lpsi</span> <span class='ocrx_word' id='word_1_198' title='bbox 460 2103 497 2144; x_wconf 87' lang='lat' dir='ltr'>C</span> <span class='ocrx_word' id='word_1_199' title='bbox 520 2102 568 2153; x_wconf 93' lang='lat' dir='ltr'>P,</span> <span class='ocrx_word' id='word_1_200' title='bbox 600 2102 779 2144; x_wconf 86' lang='lat' dir='ltr'>ducatur</span> <span class='ocrx_word' id='word_1_201' title='bbox 808 2103 844 2144; x_wconf 92' lang='lat' dir='ltr'><strong>P</strong></span> <span class='ocrx_word' id='word_1_202' title='bbox 863 2104 908 2145; x_wconf 96' lang='lat' dir='ltr'>D</span> <span class='ocrx_word' id='word_1_203' title='bbox 934 2119 1029 2159; x_wconf 89' lang='lat' dir='ltr'>per-</span> 
     </span>
     <span class='ocr_line' id='line_1_33' title="bbox 223 2172 1030 2230; baseline 0.006 -18"><span class='ocrx_word' id='word_1_204' title='bbox 223 2172 502 2226; x_wconf 84' lang='lat' dir='ltr'>pendicularis</span> <span class='ocrx_word' id='word_1_205' title='bbox 529 2173 574 2214; x_wconf 92' lang='lat' dir='ltr'>in</span> <span class='ocrx_word' id='word_1_206' title='bbox 595 2188 716 2215; x_wconf 74' lang='lat' dir='ltr'>axem</span> <span class='ocrx_word' id='word_1_207' title='bbox 747 2174 784 2216; x_wconf 93' lang='lat' dir='ltr'>B</span> <span class='ocrx_word' id='word_1_208' title='bbox 804 2174 833 2215; x_wconf 94' lang='lat' dir='ltr'>b</span> <span class='ocrx_word' id='word_1_209' title='bbox 862 2182 903 2215; x_wconf 84' lang='lat' dir='ltr'>et</span> <span class='ocrx_word' id='word_1_210' title='bbox 931 2190 1030 2230; x_wconf 89' lang='lat' dir='ltr'>pro-</span> 
     </span>
     <span class='ocr_line' id='line_1_34' title="bbox 224 2243 1028 2289; baseline 0.004 -4"><span class='ocrx_word' id='word_1_211' title='bbox 224 2243 400 2286; x_wconf 84' lang='lat' dir='ltr'>ducatur</span> <span class='ocrx_word' id='word_1_212' title='bbox 428 2244 563 2286; x_wconf 89' lang='lat' dir='ltr'>donec</span> <span class='ocrx_word' id='word_1_213' title='bbox 597 2254 787 2287; x_wconf 86' lang='lat' dir='ltr'>occurrat</span> <span class='ocrx_word' id='word_1_214' title='bbox 817 2246 1028 2289; x_wconf 84' lang='lat' dir='ltr'>semi-dia·-</span> 
     </span>
     <span class='ocr_line' id='line_1_35' title="bbox 223 2317 1027 2374; baseline 0.002 -16"><span class='ocrx_word' id='word_1_215' title='bbox 223 2324 357 2358; x_wconf 87' lang='lat' dir='ltr'>metro</span> <span class='ocrx_word' id='word_1_216' title='bbox 395 2317 432 2359; x_wconf 87' lang='lat' dir='ltr'>C</span> <span class='ocrx_word' id='word_1_217' title='bbox 457 2333 486 2372; x_wconf 93' lang='lat' dir='ltr'>p</span> <span class='ocrx_word' id='word_1_218' title='bbox 518 2318 561 2358; x_wconf 92' lang='lat' dir='ltr'>in</span> <span class='ocrx_word' id='word_1_219' title='bbox 586 2317 640 2368; x_wconf 93' lang='lat' dir='ltr'>K,</span> <span class='ocrx_word' id='word_1_220' title='bbox 668 2318 869 2374; x_wconf 85' lang='lat' dir='ltr'>jungatur</span> <span class='ocrx_word' id='word_1_221' title='bbox 905 2318 947 2360; x_wconf 90' lang='lat' dir='ltr'><strong>K</strong></span> <span class='ocrx_word' id='word_1_222' title='bbox 979 2319 1027 2369; x_wconf 90' lang='lat' dir='ltr'>Z,</span> 
     </span>
     <span class='ocr_line' id='line_1_36' title="bbox 225 2387 1030 2445; baseline 0.005 -18"><span class='ocrx_word' id='word_1_223' title='bbox 225 2387 358 2443; x_wconf 89' lang='lat' dir='ltr'>sitque</span> <span class='ocrx_word' id='word_1_224' title='bbox 399 2388 435 2429; x_wconf 95' lang='lat' dir='ltr'><strong>P</strong></span> <span class='ocrx_word' id='word_1_225' title='bbox 466 2388 508 2430; x_wconf 95' lang='lat' dir='ltr'>T</span> <span class='ocrx_word' id='word_1_226' title='bbox 546 2396 721 2445; x_wconf 82' lang='lat' dir='ltr'>tangens</span> <span class='ocrx_word' id='word_1_227' title='bbox 760 2388 950 2445; x_wconf 86' lang='lat' dir='ltr'>ellipseos</span> <span class='ocrx_word' id='word_1_228' title='bbox 986 2390 1030 2431; x_wconf 89' lang='lat' dir='ltr'>in</span> 
     </span>
     <span class='ocr_line' id='line_1_37' title="bbox 223 2457 1024 2518; baseline 0.006 -20"><span class='ocrx_word' id='word_1_229' title='bbox 223 2466 380 2512; x_wconf 90' lang='lat' dir='ltr'>puncto</span> <span class='ocrx_word' id='word_1_230' title='bbox 420 2457 468 2500; x_wconf 89' lang='lat' dir='ltr'>P.</span> <span class='ocrx_word' id='word_1_231' title='bbox 551 2458 621 2500; x_wconf 92' lang='lat' dir='ltr'>Ob</span> <span class='ocrx_word' id='word_1_232' title='bbox 669 2461 842 2518; x_wconf 82' lang='lat' dir='ltr'>angulos</span> <span class='ocrx_word' id='word_1_233' title='bbox 890 2469 1024 2503; x_wconf 85' lang='lat' dir='ltr'>rectos</span> 
     </span>
     <span class='ocr_line' id='line_1_38' title="bbox 225 2528 1933 2593; baseline 0.002 -24"><span class='ocrx_word' id='word_1_234' title='bbox 225 2528 263 2569; x_wconf 94' lang='lat' dir='ltr'>L</span> <span class='ocrx_word' id='word_1_235' title='bbox 284 2528 328 2570; x_wconf 94' lang='lat' dir='ltr'>D</span> <span class='ocrx_word' id='word_1_236' title='bbox 352 2528 401 2580; x_wconf 92' lang='lat' dir='ltr'>P,</span> <span class='ocrx_word' id='word_1_237' title='bbox 439 2529 477 2570; x_wconf 96' lang='lat' dir='ltr'>L</span> <span class='ocrx_word' id='word_1_238' title='bbox 502 2529 535 2570; x_wconf 94' lang='lat' dir='ltr'>Z</span> <span class='ocrx_word' id='word_1_239' title='bbox 558 2529 606 2579; x_wconf 90' lang='lat' dir='ltr'>P,</span> <span class='ocrx_word' id='word_1_240' title='bbox 645 2530 683 2571; x_wconf 95' lang='lat' dir='ltr'>L</span> <span class='ocrx_word' id='word_1_241' title='bbox 707 2531 742 2572; x_wconf 95' lang='lat' dir='ltr'><strong>P</strong></span> <span class='ocrx_word' id='word_1_242' title='bbox 764 2530 805 2572; x_wconf 95' lang='lat' dir='ltr'>T</span> <span class='ocrx_word' id='word_1_243' title='bbox 844 2531 1022 2572; x_wconf 88' lang='lat' dir='ltr'>circulus</span> <span class='ocrx_word' id='word_1_244' title='bbox 1058 2532 1252 2574; x_wconf 85' lang='lat' dir='ltr'>transibit</span> <span class='ocrx_word' id='word_1_245' title='bbox 1283 2545 1359 2586; x_wconf 90' lang='lat' dir='ltr'>per</span> <span class='ocrx_word' id='word_1_246' title='bbox 1390 2537 1567 2586; x_wconf 85' lang='lat' dir='ltr'>quatuor</span> <span class='ocrx_word' id='word_1_247' title='bbox 1599 2538 1752 2586; x_wconf 84' lang='lat' dir='ltr'>puncta</span> <span class='ocrx_word' id='word_1_248' title='bbox 1785 2532 1837 2583; x_wconf 93' lang='lat' dir='ltr'>L,</span> <span class='ocrx_word' id='word_1_249' title='bbox 1873 2531 1933 2593; x_wconf 77' lang='lat' dir='ltr'>D,</span> 
     </span>
     <span class='ocr_line' id='line_1_39' title="bbox 227 2600 1934 2659; baseline 0.003 -18"><span class='ocrx_word' id='word_1_250' title='bbox 227 2600 275 2650; x_wconf 92' lang='lat' dir='ltr'>P,</span> <span class='ocrx_word' id='word_1_251' title='bbox 318 2607 360 2642; x_wconf 88' lang='lat' dir='ltr'>et</span> <span class='ocrx_word' id='word_1_252' title='bbox 401 2601 449 2652; x_wconf 94' lang='lat' dir='ltr'>Z,</span> <span class='ocrx_word' id='word_1_253' title='bbox 486 2608 528 2643; x_wconf 91' lang='lat' dir='ltr'>et</span> <span class='ocrx_word' id='word_1_254' title='bbox 562 2602 773 2659; x_wconf 80' lang='lat' dir='ltr'>continget</span> <span class='ocrx_word' id='word_1_255' title='bbox 807 2611 962 2644; x_wconf 82' lang='lat' dir='ltr'>rectam</span> <span class='ocrx_word' id='word_1_256' title='bbox 996 2604 1032 2645; x_wconf 95' lang='lat' dir='ltr'><strong>P</strong></span> <span class='ocrx_word' id='word_1_257' title='bbox 1064 2604 1106 2646; x_wconf 94' lang='lat' dir='ltr'>T</span> <span class='ocrx_word' id='word_1_258' title='bbox 1144 2604 1188 2645; x_wconf 92' lang='lat' dir='ltr'>in</span> <span class='ocrx_word' id='word_1_259' title='bbox 1228 2603 1278 2653; x_wconf 91' lang='lat' dir='ltr'>P,</span> <span class='ocrx_word' id='word_1_260' title='bbox 1313 2602 1499 2658; x_wconf 81' lang='lat' dir='ltr'>ade6que</span> <span class='ocrx_word' id='word_1_261' title='bbox 1539 2602 1714 2659; x_wconf 79' lang='lat' dir='ltr'>angulus</span> <span class='ocrx_word' id='word_1_262' title='bbox 1757 2603 1792 2645; x_wconf 93' lang='lat' dir='ltr'><strong>P</strong></span> <span class='ocrx_word' id='word_1_263' title='bbox 1821 2603 1866 2646; x_wconf 94' lang='lat' dir='ltr'>D</span> <span class='ocrx_word' id='word_1_264' title='bbox 1898 2604 1934 2646; x_wconf 95' lang='lat' dir='ltr'>Z</span> 
     </span>
     <span class='ocr_line' id='line_1_40' title="bbox 224 2671 1932 2729; baseline 0.002 -18"><span class='ocrx_word' id='word_1_265' title='bbox 224 2671 395 2727; x_wconf 84' lang='lat' dir='ltr'>aequalis</span> <span class='ocrx_word' id='word_1_266' title='bbox 435 2673 513 2714; x_wconf 91' lang='lat' dir='ltr'>erit</span> <span class='ocrx_word' id='word_1_267' title='bbox 552 2673 707 2729; x_wconf 86' lang='lat' dir='ltr'>angulo</span> <span class='ocrx_word' id='word_1_268' title='bbox 749 2673 785 2714; x_wconf 88' lang='lat' dir='ltr'>C</span> <span class='ocrx_word' id='word_1_269' title='bbox 818 2674 854 2715; x_wconf 94' lang='lat' dir='ltr'><strong>P</strong></span> <span class='ocrx_word' id='word_1_270' title='bbox 885 2674 927 2715; x_wconf 96' lang='lat' dir='ltr'>T</span> <span class='ocrx_word' id='word_1_271' title='bbox 966 2674 1030 2715; x_wconf 88' lang='lat' dir='ltr'>vel</span> <span class='ocrx_word' id='word_1_272' title='bbox 1073 2675 1109 2716; x_wconf 95' lang='lat' dir='ltr'><strong>P</strong></span> <span class='ocrx_word' id='word_1_273' title='bbox 1147 2674 1184 2716; x_wconf 85' lang='lat' dir='ltr'>C</span> <span class='ocrx_word' id='word_1_274' title='bbox 1217 2673 1271 2715; x_wconf 92' lang='lat' dir='ltr'>K.</span> <span class='ocrx_word' id='word_1_275' title='bbox 1351 2672 1533 2714; x_wconf 87' lang='lat' dir='ltr'>Proinde</span> <span class='ocrx_word' id='word_1_276' title='bbox 1573 2673 1750 2714; x_wconf 90' lang='lat' dir='ltr'>circulus</span> <span class='ocrx_word' id='word_1_277' title='bbox 1788 2673 1932 2715; x_wconf 81' lang='lat' dir='ltr'>transi-</span> 
     </span>
     <span class='ocr_line' id='line_1_41' title="bbox 220 2741 1932 2799; baseline 0.002 -17"><span class='ocrx_word' id='word_1_278' title='bbox 220 2741 282 2783; x_wconf 90' lang='lat' dir='ltr'>bit</span> <span class='ocrx_word' id='word_1_279' title='bbox 319 2757 395 2798; x_wconf 88' lang='lat' dir='ltr'>per</span> <span class='ocrx_word' id='word_1_280' title='bbox 434 2750 612 2799; x_wconf 87' lang='lat' dir='ltr'>quatuor</span> <span class='ocrx_word' id='word_1_281' title='bbox 650 2751 805 2798; x_wconf 87' lang='lat' dir='ltr'>puncta</span> <span class='ocrx_word' id='word_1_282' title='bbox 846 2745 896 2794; x_wconf 89' lang='lat' dir='ltr'>C,</span> <span class='ocrx_word' id='word_1_283' title='bbox 942 2744 997 2794; x_wconf 90' lang='lat' dir='ltr'>K,</span> <span class='ocrx_word' id='word_1_284' title='bbox 1039 2744 1084 2786; x_wconf 95' lang='lat' dir='ltr'>D</span> <span class='ocrx_word' id='word_1_285' title='bbox 1127 2752 1167 2786; x_wconf 87' lang='lat' dir='ltr'>et</span> <span class='ocrx_word' id='word_1_286' title='bbox 1208 2743 1272 2792; x_wconf 92' lang='lat' dir='ltr'>Z;</span> <span class='ocrx_word' id='word_1_287' title='bbox 1322 2742 1497 2799; x_wconf 80' lang='lat' dir='ltr'>angulus</span> <span class='ocrx_word' id='word_1_288' title='bbox 1540 2743 1576 2785; x_wconf 91' lang='lat' dir='ltr'>C</span> <span class='ocrx_word' id='word_1_289' title='bbox 1613 2744 1647 2785; x_wconf 96' lang='lat' dir='ltr'>Z</span> <span class='ocrx_word' id='word_1_290' title='bbox 1680 2743 1723 2784; x_wconf 91' lang='lat' dir='ltr'><strong>K</strong></span> <span class='ocrx_word' id='word_1_291' title='bbox 1762 2743 1932 2799; x_wconf 83' lang='lat' dir='ltr'>aequalis</span> 
     </span>
     <span class='ocr_line' id='line_1_42' title="bbox 223 2811 1933 2869; baseline 0.001 -17"><span class='ocrx_word' id='word_1_292' title='bbox 223 2812 300 2853; x_wconf 87' lang='lat' dir='ltr'>erit</span> <span class='ocrx_word' id='word_1_293' title='bbox 329 2822 442 2855; x_wconf 88' lang='lat' dir='ltr'>recto</span> <span class='ocrx_word' id='word_1_294' title='bbox 474 2814 510 2855; x_wconf 89' lang='lat' dir='ltr'>C</span> <span class='ocrx_word' id='word_1_295' title='bbox 532 2814 576 2856; x_wconf 95' lang='lat' dir='ltr'>D</span> <span class='ocrx_word' id='word_1_296' title='bbox 601 2814 655 2863; x_wconf 90' lang='lat' dir='ltr'>K,</span> <span class='ocrx_word' id='word_1_297' title='bbox 693 2814 734 2855; x_wconf 94' lang='lat' dir='ltr'><strong>K</strong></span> <span class='ocrx_word' id='word_1_298' title='bbox 758 2815 791 2855; x_wconf 95' lang='lat' dir='ltr'>Z</span> <span class='ocrx_word' id='word_1_299' title='bbox 826 2815 1019 2856; x_wconf 87' lang='lat' dir='ltr'>transibit</span> <span class='ocrx_word' id='word_1_300' title='bbox 1052 2829 1129 2869; x_wconf 84' lang='lat' dir='ltr'>per</span> <span class='ocrx_word' id='word_1_301' title='bbox 1163 2822 1363 2869; x_wconf 80' lang='lat' dir='ltr'>punctum</span> <span class='ocrx_word' id='word_1_302' title='bbox 1394 2813 1432 2854; x_wconf 96' lang='lat' dir='ltr'>L</span> <span class='ocrx_word' id='word_1_303' title='bbox 1463 2821 1504 2855; x_wconf 88' lang='lat' dir='ltr'>et</span> <span class='ocrx_word' id='word_1_304' title='bbox 1533 2828 1584 2854; x_wconf 87' lang='lat' dir='ltr'>ex</span> <span class='ocrx_word' id='word_1_305' title='bbox 1613 2811 1759 2855; x_wconf 58' lang='lat' dir='ltr'>natur&amp;</span> <span class='ocrx_word' id='word_1_306' title='bbox 1789 2812 1933 2855; x_wconf 88' lang='lat' dir='ltr'>circuli</span> 
     </span>
     <span class='ocr_line' id='line_1_43' title="bbox 225 2883 1483 2939; baseline -0.002 -12"><span class='ocrx_word' id='word_1_307' title='bbox 225 2883 321 2925; x_wconf 90' lang='lat' dir='ltr'>CP</span> <span class='ocrx_word' id='word_1_308' title='bbox 354 2893 388 2927; x_wconf 86' lang='grc' dir='ltr'>Χ</span> <span class='ocrx_word' id='word_1_309' title='bbox 421 2884 713 2927; x_wconf 92' lang='lat' dir='ltr'><strong>PZ=DP</strong></span> <span class='ocrx_word' id='word_1_310' title='bbox 747 2894 779 2927; x_wconf 89' lang='lat'>&gt;&lt;</span> <span class='ocrx_word' id='word_1_311' title='bbox 814 2884 982 2927; x_wconf 84' lang='lat' dir='ltr'>PK:</span> <span class='ocrx_word' id='word_1_312' title='bbox 1013 2883 1160 2926; x_wconf 74' lang='lat' dir='ltr'><strong>CA2.</strong></span> <span class='ocrx_word' id='word_1_313' title='bbox 1213 2883 1483 2939; x_wconf 70' lang='lat' dir='ltr'>-Q.e.d.(⁸).</span> 
     </span>
    </p>
   </div>
   <div class='ocr_carea' id='block_1_14' title="bbox 222 2992 1929 3075">
    <p class='ocr_par' dir='ltr' id='par_1_17' title="bbox 222 2992 1929 3075">
     <span class='ocr_line' id='line_1_44' title="bbox 266 2992 1929 3069; baseline 0.001 -45"><span class='ocrx_word' id='word_1_314' title='bbox 266 2994 323 3069; x_wconf 41' lang='grc' dir='ltr'>(ἒξ</span> <span class='ocrx_word' id='word_1_315' title='bbox 339 2994 544 3034; x_wconf 79' lang='lat' dir='ltr'>Proprietates</span> <span class='ocrx_word' id='word_1_316' title='bbox 558 2996 604 3028; x_wconf 88' lang='lat' dir='ltr'>bis</span> <span class='ocrx_word' id='word_1_317' title='bbox 626 2996 659 3027; x_wconf 85' lang='lat' dir='ltr'>in</span> <span class='ocrx_word' id='word_1_318' title='bbox 673 2996 732 3027; x_wconf 83' lang='lat' dir='ltr'>hoc</span> <span class='ocrx_word' id='word_1_319' title='bbox 747 3001 778 3027; x_wconf 83' lang='lat' dir='ltr'>et</span> <span class='ocrx_word' id='word_1_320' title='bbox 791 2993 976 3036; x_wconf 69' lang='lat' dir='ltr'>praecedenti</span> <span class='ocrx_word' id='word_1_321' title='bbox 991 2995 1156 3027; x_wconf 80' lang='lat' dir='ltr'>Lemmate</span> <span class='ocrx_word' id='word_1_322' title='bbox 1171 2994 1386 3026; x_wconf 75' lang='lat' dir='ltr'>demonstratae</span> <span class='ocrx_word' id='word_1_323' title='bbox 1402 2993 1560 3036; x_wconf 66' lang='lat' dir='ltr'>analogice</span> <span class='ocrx_word' id='word_1_324' title='bbox 1574 2992 1664 3026; x_wconf 60' lang='lat' dir='ltr'>facile</span> <span class='ocrx_word' id='word_1_325' title='bbox 1677 2993 1718 3026; x_wconf 76' lang='lat' dir='ltr'>ad</span> <span class='ocrx_word' id='word_1_326' title='bbox 1731 2994 1929 3035; x_wconf 66' lang='lat' dir='ltr'>hyperbolum</span> 
     </span>
     <span class='ocr_line' id='line_1_45' title="bbox 222 3044 1914 3075; baseline -0.009 -6"><span class='ocrx_word' id='word_1_327' title='bbox 222 3044 290 3069; x_wconf 72' lang='lat' dir='ltr'>tran</span> <span class='ocrx_word' id='word_1_328' title='bbox 319 3045 455 3070; x_wconf 80' lang='lat' dir='ltr'>eruntur.</span> <span class='ocrx_word' id='word_1_329' title='bbox 1795 3059 1802 3065; x_wconf 51' lang='grc'><strong><em>,</em></strong></span> <span class='ocrx_word' id='word_1_330' title='bbox 1912 3072 1914 3075; x_wconf 31' lang='grc' dir='ltr'>Ι</span> 
     </span>
    </p>
   </div>
   <div class='ocr_carea' id='block_1_15' title="bbox 1087 1484 1937 2450">
    <p class='ocr_par' dir='ltr' id='par_1_18' title="bbox 1087 1484 1937 2450">
     <span class='ocr_line' id='line_1_46' title="bbox 1087 1484 1937 2450; baseline 0 0"><span class='ocrx_word' id='word_1_331' title='bbox 1087 1484 1937 2450; x_wconf 95' lang='lat' dir='ltr'> </span> 
     </span>
    </p>
   </div>
  </div>
 </body>
</html>
