2092 3470
232 210 316 248 290
569 204 924 256 INQUISITIO
955 207 1228 250 PHYSICA
1258 207 1326 250 IN
1358 209 1617 253 CAUSAM

417 325 440 361 3
461 320 491 361 S
509 322 543 374 (t
557 333 586 374 P
599 332 625 374 q
645 319 688 361 4
705 319 740 361 P
757 319 817 371 Q)
835 319 877 361 T
890 334 918 375 p
936 334 963 375 q
978 320 1006 361 d
1022 324 1053 396 θ,
1086 344 1307 389 denotante
1329 345 1372 397 Q
1398 348 1535 391 sinmn
1554 348 1838 392 declinationis
1865 347 1941 391 bo-

230 353 329 388 nato
348 364 393 381 =
699 402 725 428 a
737 385 754 410 3

231 490 351 531 realis
376 488 495 540 Solis,
519 496 559 531 et
580 502 607 544 q
622 489 708 544 ejus
722 488 923 538 cosinum,
941 487 1165 531 habebitur
1179 488 1271 532 haec
1285 459 1464 546 aestuatio
1480 467 1758 531 L—(n
1595 481 1624 520 Ρ
1638 481 1660 507 Υ
1675 464 1879 574 :ap—R)
1865 464 1942 529 NJ.

229 649 275 666 =
299 605 766 713 Q,
789 629 975 687 neglecta
997 630 1163 673 fractio-

228 760 282 787 ne
302 747 366 800 ἐξ,
388 759 464 799 per
484 759 607 800 quam
630 744 929 786 incrementum
946 745 1007 787 vis
1029 745 1165 787 Lunae

229 817 493 872 multiplicari
529 816 714 858 deberet.
782 816 993 865 Quoniam
1028 825 1166 859 autem

231 890 355 932 Luna
384 904 408 930 a
438 888 669 929 meridiano
698 901 784 927 non
814 889 962 942 procul
983 889 1163 940 distabit,

229 962 329 1018 poni
349 961 500 1016 poterit
520 975 548 1000 n
562 979 607 996 =
627 965 665 1008 1,
689 966 814 1014 atque
834 958 928 1001 cum
950 960 1002 1002 sit
1022 961 1166 1015 proxi-

282 1033 362 1074 xL
447 1033 522 1073 48

229 1075 296 1101 me
319 1091 373 1124 -Ξ
385 1085 431 1101 =
450 1088 535 1123 -ἶ,
558 1055 811 1098 obtinebitur
832 1057 908 1099 iste
928 1057 1042 1099 valor
1064 1057 1106 1099 N
1120 1077 1167 1095 =

458 1116 482 1141 a

231 1173 272 1214 T
289 1165 315 1227 q
332 1175 365 1227 <t
378 1186 406 1226 p
423 1187 448 1227 q
466 1171 508 1213 4-
531 1170 567 1212 Ρ
584 1170 643 1223 Q)

259 1245 285 1278 4
308 1253 328 1278 r
351 1242 395 1293 (p
416 1253 438 1278 r
452 1239 495 1279 -ἱ-
513 1239 548 1279 Ρ
573 1232 623 1291 ff)

231 1324 373 1350 versus
395 1309 510 1351 dabit
530 1311 727 1366 temporis
745 1312 938 1367 spatium,
963 1329 1047 1370 quo
1063 1328 1171 1370 aqua

231 1390 326 1437 post
359 1381 578 1423 transitum
619 1383 755 1424 Lunae
791 1397 868 1439 per
901 1385 1177 1426 meridianum
1217 1384 1442 1426 maximam
1476 1380 1737 1424 altitudinem
1770 1377 1947 1435 attingit.

658 1212 670 1246 3
702 1198 772 1253 qui
801 1198 844 1239 in
872 1206 1034 1254 tempus
1065 1213 1163 1240 con-

237 1479 325 1521 Sub
346 1487 557 1536 aequatore
577 1495 678 1538 ergo
699 1481 776 1523 erit
796 1481 841 1524 N
867 1500 914 1518 ==
945 1457 1115 1564 qsstrqrq,
1148 1481 1203 1523 ob
1240 1482 1275 1523 P
1295 1500 1341 1517 =
1362 1494 1388 1521 o
1409 1488 1449 1522 et
1476 1494 1506 1535 p
1524 1495 1570 1513 =
1594 1484 1611 1523 1
1633 1493 1644 1528 ;
1675 1491 1802 1534 quare
1823 1477 1857 1518 si
1877 1475 1949 1517 de-

234 1593 475 1637 clinationes
505 1596 771 1637 luminarium
790 1597 856 1638 vel
885 1597 1151 1653 negligantur
1171 1596 1235 1637 vel
1255 1594 1433 1652 aequales
1454 1600 1727 1642 assumantur,
1758 1591 1814 1632 ita
1834 1598 1882 1632 ut
1899 1589 1952 1630 sit

683 1669 772 1710 Tt

235 1708 264 1749 q
279 1708 307 1749 q
319 1712 365 1729 =
381 1707 403 1734 r
417 1708 451 1744 r,
474 1693 546 1735 fiet
563 1693 606 1735 N
619 1720 665 1738 =
681 1724 784 1777 Τ,
808 1695 922 1749 cujus
944 1694 1219 1748 expressionis
1241 1693 1356 1734 valor
1377 1699 1488 1734 extat
1503 1690 1707 1731 maximus
1724 1688 1758 1730 si
1773 1686 1950 1744 angulus

238 1807 291 1850 M
313 1807 349 1849 P
370 1808 409 1849 L
439 1807 490 1849 sit
511 1806 595 1850 45⁰.
624 1823 707 1864 quo
737 1823 833 1849 casu
864 1808 942 1849 erit
974 1805 1016 1850 N
1035 1828 1081 1844 =
1102 1809 1142 1862 ἐς,
1175 1817 1216 1851 et
1245 1808 1420 1865 angulus
1446 1801 1705 1861 'respondens
1723 1824 1769 1841 =
1792 1803 1846 1849 7⁰.
1872 1804 1950 1846 11'.

238 1878 308 1935 qui
329 1878 484 1920 indicat
505 1894 655 1934 aquam
675 1894 879 1920 summam
901 1886 955 1922 30
976 1881 1145 1921 minutis
1164 1889 1260 1935 post
1285 1879 1502 1922 transitum
1524 1877 1659 1919 Lunae
1688 1889 1764 1931 per
1783 1875 1952 1917 meridi-

238 1964 364 1991 anum
391 1949 631 2006 contingere
661 1949 835 1991 debere:
868 1950 1122 2006 totidemque
1142 1951 1311 1993 minutis
1331 1965 1439 2006 aqua
1458 1957 1553 1990 ante
1573 1947 1792 1989 transitum
1815 1947 1951 1988 Lunae

237 2037 313 2078 per
333 2022 605 2063 meridianum
625 2021 804 2064 maxime
826 2023 904 2064 erit
924 2023 1093 2073 elevata,
1128 2022 1161 2064 si
1187 2023 1259 2064 Sol
1279 2031 1367 2064 tum
1388 2019 1530 2063 versus
1552 2034 1743 2061 occasum
1763 2027 1951 2060 versetur

240 2094 393 2151 angulo
425 2093 477 2135 M
505 2094 541 2135 P
562 2094 600 2136 L
619 2113 665 2130 =
687 2094 936 2135 semi-recto.
1000 2094 1286 2144 Quamobrem
1306 2094 1339 2134 si
1370 2093 1491 2134 Luna
1512 2091 1565 2133 ad
1585 2090 1859 2132 meridianum
1879 2104 1952 2146 ap-

239 2165 367 2222 pellat
400 2164 504 2206 hora
536 2164 645 2206 nona
681 2165 766 2207 sive
799 2165 1001 2206 matutina
1039 2166 1123 2207 sive
1152 2163 1451 2220 pomeridiana,
1486 2163 1624 2204 fluxus
1659 2162 1827 2203 demum
1858 2171 1953 2218 post

242 2237 512 2280 semi-horam
533 2237 706 2288 eveniet,
729 2245 771 2279 at
791 2237 825 2279 si
845 2237 949 2279 hora
970 2237 1090 2279 tertia
1112 2238 1296 2293 appellat
1316 2237 1440 2279 Luna
1459 2235 1512 2277 ad
1531 2235 1817 2286 meridianum,
1845 2251 1953 2292 aqua

242 2326 404 2353 summa
425 2313 505 2353 30².
528 2311 622 2353 ante
643 2312 950 2354 observabitur:
981 2313 1025 2353 in
1045 2313 1134 2354 aliis
1149 2312 1248 2354 vero
1265 2313 1412 2354 Terrae
1431 2312 1668 2369 regionibus
1688 2311 1767 2352 ista
1785 2310 1952 2352 aberra—

241 2385 301 2427 tio
320 2385 452 2442 magis
473 2393 534 2426 est
562 2385 828 2442 irregularis3
857 2385 1024 2426 interim
1055 2393 1194 2427 tamen
1215 2386 1311 2427 satis
1330 2399 1462 2440 prope
1484 2399 1537 2426 ex
1555 2383 1728 2425 formula
1751 2381 1847 2424 data
1876 2396 1953 2437 per

243 2457 374 2500 solam
394 2457 709 2505 aestimationem
728 2464 865 2512 potest
884 2456 1061 2498 definiri.
1731 2453 1737 2459 ’

301 2535 332 2585 §.
353 2536 422 2573 64.
456 2530 584 2580 Quod
606 2531 639 2571 si
659 2539 797 2572 autem
815 2530 924 2571 hanc
944 2545 1033 2571 rem
1054 2530 1234 2572 curatius
1254 2529 1499 2586 investigare
1518 2528 1702 2577 velimus,
1735 2526 1953 2568 amborum

243 2604 511 2645 luminarium
529 2603 827 2645 declinationes
847 2617 933 2644 non
962 2617 1041 2658 pro
1071 2602 1242 2644 arbitrio
1262 2602 1420 2658 fingere
1449 2601 1556 2651 lieet,
1587 2599 1772 2655 pendent
1790 2599 1901 2640 enim
1928 2612 1955 2639 a

242 2678 289 2717 'se
309 2674 455 2716 mutuo
475 2674 655 2716 maxime
674 2675 730 2716 ob
751 2674 950 2731 angulum
969 2673 1184 2715 horarium
1206 2673 1258 2714 M
1280 2673 1316 2715 P
1337 2672 1376 2714 L
1396 2672 1503 2713 inter
1523 2687 1572 2712 ea
1600 2671 1860 2726 interjectum
1879 2668 1953 2710 da-

246 2755 357 2787 tum:
389 2754 436 2787 ut
455 2746 580 2803 igitur
608 2761 687 2801 pro
706 2745 803 2787 data
834 2746 967 2787 Lunae
996 2744 1117 2799 phasi
1145 2744 1444 2786 aberrationem
1466 2743 1660 2784 maximae
1681 2756 1800 2798 aquae
1820 2740 1954 2782 eleva·
2007 2738 2012 2743 ¹

246 2818 370 2858 tionis
389 2833 414 2858 a
435 2818 611 2858 transitu
641 2817 776 2859 Lunae
805 2831 880 2871 per
898 2816 1172 2857 meridianum
1193 2814 1524 2864 determinemus,
1546 2819 1814 2869 repraesentet
1832 2812 1953 2854 nobis

249 2889 424 2932 circulus
448 2891 481 2931 Z
505 2890 541 2931 B
565 2889 606 2931 N
630 2890 666 2931 C
687 2889 921 2932 verticalem
940 2888 1197 2944 primarium,
1222 2887 1260 2928 B
1283 2886 1321 2929 C
1348 2887 1619 2936 horizontem,
1644 2885 1678 2927 Z
1701 2885 1741 2926 N
1761 2884 1953 2926 meridia-

250 2975 349 3003 num
369 2976 443 3015 per
464 2962 549 3003 dati
569 2962 649 3003 loci
669 2961 806 3003 zenith
829 2961 863 3002 Z
883 2968 924 3002 et
943 2960 1063 3000 nadir
1085 2958 1127 3000 N
1147 2959 1334 3009 ductum,
1357 2968 1480 3016 atque
1500 2967 1685 3015 aequator
1706 2957 1758 2998 sit
1780 2957 1816 2998 B
1839 2958 1879 2998 A
1902 2949 1959 3007 C‚‘

249 3032 371 3090 polus
393 3033 580 3073 australis
600 3047 642 3087 p,
675 3041 716 3074 et
746 3031 934 3087 ecliptica
961 3038 995 3066 11
1017 3040 1060 3065 Δ
1089 3037 1147 3071 *³-
1209 3029 1470 3072 Constitutus
1499 3043 1610 3071 nunc
1631 3029 1683 3070 sit
1705 3028 1777 3070 Sol
1797 3028 1841 3069 in
1864 3028 1894 3070 S
1913 3035 1955 3069 et
