2092 3470
76 2778 78 2781 ,
125 2748 191 2790 jam
206 2747 344 2779 diximus
365 2747 452 2790 (Lib.
474 2748 521 2780 11.
539 2759 628 2781 num·
648 2751 733 2791 137).

138 202 287 246 Lama
300 201 538 253 Tanna]
589 200 910 243 PRINCIPIA
942 178 1437 244 MATHEMATICA.
1783 204 1838 241 29

135 317 302 372 pondus
336 317 471 358 Lunae
499 315 623 357 totius
653 315 697 355 in
725 314 872 370 majori
902 314 967 355 vel
995 313 1147 354 minorl
1173 314 1358 354 ratione:
1392 321 1534 354 contra
1563 329 1687 370 quam
1716 328 1842 368 supra

138 397 350 431 ostensum
368 395 443 429 est.

196 461 327 503 Corol.
356 463 393 501 1.
435 458 552 500 Hinc
579 457 767 514 pondera
796 472 1019 514 corporum
1047 472 1133 498 non
1160 456 1344 512 pendent
1373 455 1426 497 ab
1456 471 1600 497 eorum
1628 457 1782 517 formis.
1798 463 1841 498 et
1900 470 1904 472 ·

135 531 323 573 texturis.
384 530 495 572 Nam
515 531 550 571 si
580 544 676 572 cum
704 529 846 571 formis
866 530 1015 571 variari
1042 537 1224 584 possent,
1246 527 1382 568 forent
1400 527 1557 582 majora
1577 527 1642 567 vel
1665 528 1840 577 minora,

136 619 216 660 pro
233 603 430 646 varietate
448 602 688 654 formarum,
710 603 755 644 in
773 603 924 660 aequali
944 602 1139 644 materia:
1161 602 1332 643 omnino
1351 608 1496 642 contra
1514 601 1821 656 experientiam.

194 675 324 718 Corol.
356 679 396 716 2.
439 673 629 729 Corpora
656 673 860 724 universa,
892 687 986 729 quae
1015 673 1125 715 circa
1154 671 1331 713 Tenam
1363 678 1471 720 sunt,
1501 670 1644 727 gravia
1673 679 1770 711 sunt
1798 671 1842 711 in

137 745 315 788 Terram
327 762 339 796 ;
381 753 422 788 et
456 745 644 802 pondera
671 745 870 796 omnium,
912 759 1005 801 quae
1033 743 1246 800 aequaliter
1274 758 1299 784 a
1327 749 1469 784 centro
1498 741 1645 783 Terrae
1674 740 1840 791 distant,

135 825 232 858 sunt
264 824 312 858 ut
342 817 589 873 quantitates
623 815 806 858 materiae
839 816 884 857 in
916 815 1075 857 iisdem.
1137 815 1248 856 Haec
1281 822 1344 855 est
1377 812 1551 870 qualitas
1584 812 1771 853 omnium
1799 813 1843 853 in

134 892 283 947 quibus
313 892 600 947 experimenta
626 890 840 932 instituere
869 889 977 939 licet,
1013 897 1055 930 et
1084 896 1306 944 propterea
1336 902 1412 943 per
1448 887 1555 943 Reg.
1588 892 1627 928 3.
1664 885 1716 926 de
1750 884 1842 926 uni-

132 963 260 1004 versis
289 962 533 1005 affirmanda
559 969 634 1003 est.
697 961 742 1003 Si
771 961 902 1002 aether
927 968 1000 1002 aut
1025 974 1176 1015 corpus
1194 958 1309 1000 aliud
1329 957 1603 1014 quodcunque
1623 956 1688 997 vel
1707 956 1843 1013 gravi-

131 1042 216 1077 tate
236 1036 406 1078 omnino
427 1036 729 1085 destitueretur,
761 1035 826 1076 vel
853 1049 932 1091 pro
951 1035 1178 1091 quantitate
1198 1033 1381 1075 materiae
1402 1047 1488 1073 suae
1507 1032 1644 1072 minus
1664 1031 1844 1088 gravita-

131 1117 218 1150 ret:
250 1111 444 1165 quoniam
464 1109 508 1151 id
529 1112 600 1164 (ex
619 1116 758 1156 mente
777 1109 1026 1160 Aristotelis,
1051 1108 1227 1151 Cartesii
1247 1115 1288 1149 et
1306 1107 1499 1158 aliorum)
1524 1120 1610 1147 non
1631 1105 1771 1149 differt
1790 1105 1843 1147 ab
1878 1116 1882 1120 ’

131 1179 220 1221 aliis
241 1180 483 1235 corporibus
503 1180 584 1221 nisi
602 1180 647 1221 in
666 1178 798 1222 forma
818 1180 1013 1229 materiae,
1036 1188 1176 1234 posset
1195 1178 1305 1219 idem
1325 1192 1401 1233 per
1414 1177 1684 1226 mutationem
1698 1175 1845 1223 formae

131 1249 340 1307 gradatim
370 1251 637 1292 transmutari
665 1251 708 1291 in
738 1265 888 1305 corpus
917 1250 1102 1307 ejusdem
1130 1249 1378 1291 conditionis
1408 1262 1503 1289 cum
1536 1248 1600 1297 iis,
1609 1227 1739 1303 ‘quae
1765 1261 1845 1302 pro

136 1315 362 1378 quantitate
391 1322 574 1363 materiae
603 1337 728 1378 quam
757 1322 937 1363 maxime
957 1322 1175 1379 gravitant,
1206 1329 1248 1363 et
1271 1320 1448 1362 vicissim
1469 1335 1644 1374 corpora
1663 1318 1844 1361 maxime

130 1394 290 1450 gravia,
321 1393 498 1435 formam
526 1393 636 1435 illius
665 1394 871 1451 gradatim
900 1394 1123 1444 induendo,
1153 1400 1321 1448 possent
1349 1393 1592 1450 gravitatem
1613 1407 1729 1434 suam
1748 1406 1845 1448 gra-

132 1466 261 1508 datim
280 1467 480 1508 amittere.
539 1467 605 1509 Ac
623 1467 800 1522 proinde
821 1468 1008 1524 pondera
1026 1468 1255 1523 penderent
1275 1483 1300 1508 a
1318 1466 1460 1508 formis
1480 1481 1715 1521 corporum,
1746 1480 1844 1521 pos-

131 1546 303 1595 sentque
337 1553 434 1580 cum
467 1538 610 1580 formis
642 1539 805 1590 variari,
842 1547 988 1581 contra
1021 1555 1145 1596 quam
1178 1540 1400 1595 probatum
1433 1546 1495 1580 est
1531 1539 1575 1579 in
1611 1539 1846 1581 Corollario

131 1610 358 1665 superiore.

189 1682 322 1724 Corol.
345 1688 384 1724 3.
417 1682 560 1737 Spatia
579 1683 718 1725 omnia
737 1698 824 1725 non
844 1691 941 1725 sunt
959 1683 1173 1740 aequaliter
1192 1683 1327 1739 plena.
1379 1683 1490 1725 Nam
1505 1684 1540 1725 si
1560 1683 1690 1740 spatia
1705 1684 1844 1726 omnia

128 1752 341 1808 aequaliter
359 1752 483 1807 plena
501 1761 649 1804 essent,
671 1754 849 1810 gravitas
871 1755 1066 1810 specifica
1083 1754 1201 1796 fluidi
1221 1769 1304 1811 quo
1325 1755 1441 1811 regio
1456 1755 1565 1796 a'eris
1585 1755 1840 1810 impleretur,

130 1824 185 1866 ob
215 1838 419 1865 summam
448 1823 694 1866 densitatem
722 1825 919 1876 materiae,
950 1825 1011 1866 nil
1040 1825 1204 1867 cederet
1232 1818 1424 1882 gravitati
1450 1825 1654 1880 specificae
1684 1825 1844 1882 argenti

91 1919 95 1922 ·
128 1895 226 1947 vivi,
248 1895 314 1938 vel
342 1895 445 1946 auri,
476 1896 544 1937 vel
573 1897 760 1951 corporis
781 1897 949 1939 alterius
971 1897 1250 1953 cujuscunque
1270 1895 1525 1956 densissimi3
1556 1904 1596 1937 et
1624 1904 1846 1951 propterea

132 1981 213 2009 nec
241 1981 388 2008 aurum
416 1982 551 2025 neque
579 1969 694 2010 aliud
724 1970 1002 2026 quodcunque
1033 1985 1183 2025 corpus
1212 1969 1255 2010 in
1285 1971 1380 2010 a'ere
1410 1968 1661 2010 descendere
1692 1977 1844 2023 posset.

131 2037 245 2080 Nam
265 2052 440 2093 corpora
467 2039 512 2079 in
537 2039 689 2090 fluidis,
720 2040 802 2082 nisi
829 2040 1020 2096 specifice
1048 2040 1239 2097 graviora
1259 2039 1351 2090 sint,
1383 2038 1552 2081 minime
1573 2039 1841 2081 descendunt.

131 2110 262 2160 Quod
289 2111 323 2152 si
353 2112 559 2167 quantitas
579 2113 764 2155 materiae
793 2114 837 2155 in
858 2115 991 2169 spatio
1011 2114 1109 2155 dato
1127 2129 1203 2169 per
1222 2113 1535 2156 rarefactionem
1556 2127 1844 2170 quamcunque

130 2180 306 2223 diminui
323 2182 468 2237 possit,
492 2183 637 2239 quidni
657 2184 831 2226 diminui
850 2186 981 2241 possit
999 2186 1042 2226 in
1063 2185 1302 2227 infinitum?

189 2254 321 2295 Corol.
343 2259 383 2294 4.
418 2253 464 2296 Si
493 2268 636 2296 omnes
666 2255 853 2296 omnium
884 2270 1104 2311 corporum
1134 2255 1349 2311 particulae
1378 2255 1521 2296 solidae
1551 2255 1632 2297 sint
1658 2257 1841 2311 ejusdem

129 2323 354 2375 densitatis,
376 2339 512 2382 neque
532 2326 621 2368 sine
640 2327 754 2381 poris
774 2327 959 2369 rarefieri
978 2328 1150 2382 possint,
1181 2327 1229 2382 (¹)
1250 2342 1426 2370 vacuum
1447 2327 1581 2370 datur.
1642 2327 1842 2384 Ejusdem

127 2394 340 2437 densitatis
361 2410 449 2438 esse
469 2396 576 2447 dico,
600 2398 650 2452 (⁸)
672 2413 848 2453 quarum
867 2399 973 2440 vires
993 2399 1152 2445 inertiae
1174 2407 1269 2440 sunt
1288 2407 1334 2440 ut
1352 2399 1668 2456 magnitudines.

189 2467 320 2507 Corol.
342 2472 382 2508 5.
413 2466 465 2522 (¹³)
488 2467 564 2509 Vis
594 2469 806 2525 gravitatis
836 2469 988 2511 diversi
1017 2477 1079 2511 est
1107 2470 1270 2527 generis
1299 2485 1324 2511 a
1352 2470 1394 2510 vi
1421 2469 1664 2527 magnetica.
1731 2469 1841 2512 Nam

128 2540 318 2583 attractio
344 2542 577 2598 magnetica
602 2557 689 2584 non
717 2551 780 2585 est
798 2551 846 2585 ut
873 2544 1047 2585 materia
1077 2552 1262 2586 attracta.
1324 2543 1513 2599 Corpora
1543 2543 1680 2600 aliqua
1705 2544 1837 2601 magis

1007 2665 1259 2703 Muschenbroek
1294 2664 1327 2695 in
1359 2665 1583 2695 Dissertatione
1611 2664 1650 2695 de
1687 2665 1840 2707 Magnete

1005 2709 1138 2747 plurima
1159 2715 1251 2748 atque
1272 2708 1498 2738 accuratissima
1519 2707 1557 2737 de
1579 2707 1707 2748 hujusce
1729 2708 1840 2748 lapidis

1006 2751 1126 2782 actione
1140 2751 1234 2782 refert
1248 2750 1467 2789 experimenta.
1501 2750 1553 2780 Ex
1568 2749 1720 2790 descripta
1733 2761 1752 2781 a
1767 2750 1838 2781 dili·

1007 2794 1187 2835 gentissimo
1215 2793 1280 2822 viro
1314 2793 1594 2831 experimentorum
1623 2794 1700 2830 serie
1735 2794 1839 2833 palam

1007 2836 1132 2876 quidem
1154 2836 1189 2866 fit
1211 2835 1358 2876 aequalem
1381 2844 1444 2864 non
1460 2845 1524 2865 esse
1539 2835 1690 2875 magnetis
1709 2835 1741 2865 in
1757 2836 1840 2866 varia

171 2662 257 2737 (Ἓξ
281 2666 421 2696 Vacuum
436 2665 538 2695 datur.
577 2665 701 2701 Quibus
714 2665 963 2705 responsionibus

129 2705 189 2744 hoc
245 2707 357 2737 ewtorii
384 2706 579 2738 ratiocinium
605 2708 756 2750 effugiant
780 2708 961 2746 Cartesiani,

174 2789 219 2832 (⁸)
236 2794 254 2811 ¹*
275 2793 417 2826 Quarum
431 2792 510 2822 vires
529 2793 656 2824 inertiae.
706 2792 791 2824 cum
813 2793 896 2823 enim
919 2793 965 2823 vis

129 2833 249 2871 inertiae
272 2834 312 2864 sit
332 2833 495 2874 quantitati
516 2835 652 2870 materiae
673 2836 916 2876 proportionalis,
939 2836 965 2866 si

130 2876 209 2906 vires
222 2876 340 2909 inertiae
352 2882 426 2906 sunt
437 2882 472 2906 ut
482 2876 722 2916 magnitudines,
733 2877 966 2919 magnitudines

131 2923 206 2955 sunt
219 2925 256 2955 ut
269 2918 455 2959 quantitates
476 2919 623 2957 materiae,
646 2921 703 2951 hoc
718 2927 773 2958 est,
796 2928 869 2951 sunt
883 2920 965 2961 ejus-

132 2959 204 2991 dem
218 2959 386 2998 densitatis.

175 3001 220 3044 (ι’)
235 3005 251 3023 ”
272 3005 321 3035 Vis
331 3005 490 3044 gravitatis
500 3005 613 3041 diversi
625 3010 671 3041 est
680 3007 810 3046 germ-is.
842 3005 966 3042 Clariss.

178 3059 258 3090 Ver..
279 3060 348 3092 ΙΙΙ.
364 3084 373 3087 1

1008 2889 1135 2917 corpora
1145 2879 1306 2911 actionem,
1320 2887 1448 2917 eamque
1460 2883 1673 2917 tempestatum
1687 2878 1839 2908 vicissitu-

1009 2920 1132 2952 dinibus
1146 2920 1320 2956 obnoxiam,
1335 2926 1365 2949 et
1379 2918 1471 2950 mod&
1480 2919 1593 2950 remitti
1604 2919 1699 2951 mod&
1711 2920 1839 2954 intendi.

1012 2964 1058 2994 At
1082 2964 1144 2993 vim
1171 2963 1378 3003 magneticam
1401 2964 1434 2991 in
1459 2962 1576 2999 ratione
1597 2962 1699 2994 mult&
1725 2963 1838 2992 minori

1007 3005 1102 3046 quam
1123 3004 1274 3045 triplicata
1295 3004 1509 3039 distantiarum
1523 3004 1706 3045 decrescere,
1729 3005 1838 3037 eadem

988 3062 1018 3092 E
