2092 3470
489 214 741 258 FLUXUS
770 213 851 256 AC
887 213 1222 257 REFLUXUS
1252 212 1463 261 MARIS.
1740 212 1822 253 317

156 401 272 439 Horoe
285 405 368 452 post
386 399 424 438 F
422 399 554 437 luxum.
629 397 805 438 celeritas
822 397 949 435 Maris
965 395 1159 435 verticalis.
1222 394 1397 452 Celefitas
1408 392 1536 431 Maris
1546 390 1786 430 horizontalis.

356 517 384 552 0
705 514 834 559 0‚000
854 506 1081 549 descendit.
1302 508 1424 553 1,067
1445 503 1488 544 in
1509 517 1712 545 occasum.

359 573 377 608 1
704 571 833 616 O,5OO
854 563 1078 606 descendit.
1297 566 1424 610 0,927
1445 560 1487 600 in
1509 575 1712 603 occasum.

357 630 383 666 2
705 629 833 673 O,860
853 621 1078 663 deseendit.
1297 623 1424 667 O,567
1445 618 1486 658 in
1508 633 1710 660 occasum.

358 689 383 724 3
707 687 832 731 1,000
852 678 1077 721 descendit.
1297 679 1424 725 0,067
1446 675 1488 714 in
1508 690 1709 718 occasum.

354 745 381 780 4
705 744 833 788 0‚860
853 735 1077 778 descendit.
1297 738 1425 782 0,432
1447 731 1489 771 in
1509 741 1658 774 ortum.

357 802 381 838 5
705 802 833 846 O,5OO
853 793 1078 835 descendit.
1297 795 1424 840 0,792
1444 789 1487 829 in
1508 797 1656 831 ortum.

354 860 379 896 6
704 859 833 903 0‚000
853 850 1050 892 ascendit.
1297 853 1425 898 0‚932
1446 847 1489 887 in
1509 857 1657 888 ortum.

356 915 380 955 7
704 916 832 959 O,5oo
852 907 1049 949 ascendit.
1298 910 1426 955 0‚792
1446 905 1489 944 in
1510 912 1659 945 ortum.

354 975 379 1009 8
704 972 832 1017 0,860
852 964 1049 1006 ascendit.
1297 967 1426 1012 0,432
1446 962 1488 1002 in
1509 971 1658 1003 ortum.

354 1032 379 1067 9
707 1029 832 1073 1,000
853 1021 1049 1063 ascendit.
1294 1025 1422 1070 0‚067
1443 1019 1486 1060 in
1507 1032 1711 1060 occasum.

327 1087 380 1123 10
538 1104 540 1106 ·
703 1087 831 1131 0‚860
852 1079 1048 1120 ascendit.
1295 1082 1421 1127 O,567
1444 1078 1488 1117 in
1508 1091 1711 1118 occasum.

328 1144 374 1179 11
703 1144 832 1188 O,5oo
853 1137 1049 1178 ascendit.
1295 1140 1422 1185 0‚927
1444 1135 1488 1175 in
1506 1148 1710 1175 occasum.

323 1201 374 1236 12
703 1200 832 1246 0,000
852 1193 1076 1236 descendit.
1203 1236 1207 1240 ,
1298 1197 1423 1243 1,067
1443 1193 1488 1233 in
1508 1205 1710 1233 occasum.

841 1283 845 1287 ¹
1611 1290 1630 1303 θ

118 1339 256 1382 Facile
276 1348 413 1381 autem
432 1339 674 1397 intelligitur
695 1354 775 1395 pro
794 1339 1033 1396 regionibus
1052 1338 1105 1380 ab
1125 1345 1333 1393 aequatore
1352 1338 1534 1389 remotis,
1555 1334 1767 1391 praecipue
1788 1333 1823 1376 si

117 1413 242 1454 Luna
260 1412 410 1454 habeat
425 1412 754 1463 declinationem,
770 1419 859 1454 tum
875 1420 1096 1468 utrumque
1115 1419 1274 1452 motum
1287 1410 1418 1467 magis
1433 1410 1521 1451 fore
1541 1409 1822 1466 irregularem,

113 1491 236 1539 atque
265 1497 364 1523 mox
393 1496 608 1523 ascensum
636 1480 755 1523 citius
785 1481 943 1523 absolvi
970 1495 1072 1522 mox
1101 1479 1201 1522 vero
1230 1474 1500 1529 descensum3
1540 1487 1652 1521 totus
1683 1486 1821 1519 autem

117 1562 254 1597 motus
274 1552 432 1595 facilius
452 1568 507 1595 ex
533 1553 632 1609 ipsis
652 1553 840 1594 formulis
860 1552 967 1594 datis
988 1559 1274 1610 cognoscetur.
1335 1550 1425 1593 Hic
1444 1550 1624 1606 denique
1652 1547 1825 1605 profun-

117 1625 287 1667 ditatem
318 1625 472 1681 ubique
505 1624 680 1666 eandem
710 1625 923 1679 posuimus
936 1639 949 1673 3
993 1621 1106 1679 quod
1137 1623 1173 1663 si
1204 1622 1315 1663 enim
1346 1629 1454 1663 esset
1479 1620 1657 1671 diversa,
1688 1626 1826 1661 motus

118 1699 383 1742 horizontalis
404 1699 526 1740 simul
544 1699 747 1740 rationem
767 1698 969 1739 inversam
991 1696 1282 1752 profunditatis
1302 1695 1470 1737 tenebit.

176 1776 208 1827 §.
231 1777 299 1816 97.
339 1771 533 1827 Denique
562 1778 783 1827 antequam
811 1770 893 1811 hoc
915 1770 1055 1825 Caput
1074 1770 1280 1820 finiamus,
1314 1769 1450 1810 notari
1481 1774 1658 1823 oportet,
1691 1779 1829 1822 neque

117 1843 320 1885 maximos
349 1850 472 1883 aestus
500 1842 550 1883 iis
577 1842 676 1897 ipsis
706 1841 962 1898 temporibus
992 1841 1156 1883 evenire
1183 1855 1319 1896 posse,
1352 1840 1501 1897 quibus
1521 1840 1628 1881 vires
1656 1838 1764 1881 Solis
1788 1845 1831 1878 et

121 1915 257 1958 Lunae
285 1914 464 1956 maxime
494 1915 647 1972 vigent,
677 1929 755 1956 nee
784 1915 977 1956 minimos
1007 1923 1132 1955 aestus
1152 1922 1254 1964 tum,
1288 1912 1382 1954 cum
1401 1913 1462 1953 vis
1483 1929 1508 1954 a
1528 1912 1651 1954 Luna
1670 1919 1712 1952 et
1733 1909 1829 1952 Sole

119 1994 219 2027 nata
237 1994 300 2027 est
318 1984 582 2035 debilissima,
615 1985 688 2026 sed
717 1985 927 2040 aliquanto
953 1983 1123 2025 tardius.
1184 1982 1331 2024 AEstus
1352 1982 1461 2023 enim
1483 1980 1725 2038 magnitudo
1743 1994 1829 2021 non

124 2056 257 2099 solum
277 2072 302 2098 a
321 2057 548 2113 quantitate
567 2056 718 2097 virium
733 2056 1042 2097 sollicitantium
1060 2055 1227 2110 pendet,
1243 2055 1305 2096 uti
1324 2054 1368 2096 id
1387 2069 1465 2095 usu
1481 2054 1651 2103 veniret,
1670 2053 1703 2093 si
1723 2067 1831 2108 aqua

122 2129 269 2171 inertia
300 2137 469 2180 careret,
501 2128 574 2171 sed
602 2129 772 2183 insuper
801 2143 826 2169 a
853 2135 969 2169 motu
992 2129 1080 2183 jam
1110 2126 1205 2168 ante
1235 2134 1449 2182 concepto.
1511 2124 1640 2175 Quod
1661 2124 1695 2166 si
1721 2123 1832 2165 enim

121 2199 218 2242 ante
237 2214 352 2241 mare
373 2199 542 2242 omnino
561 2199 794 2255 quievisset,
816 2206 905 2239 tum
924 2198 1082 2253 primus
1104 2196 1214 2239 certe
1233 2206 1359 2239 aestus
1381 2196 1581 2238 oriundus
1602 2195 1830 2237 admodum

121 2270 283 2312 futurus
314 2278 422 2311 esset
450 2270 581 2320 exilis,
614 2268 773 2310 etiamsi
797 2268 903 2310 vires
923 2268 1187 2310 sollicitantes
1208 2276 1346 2310 essent
1366 2268 1558 2308 maximae
1572 2282 1589 2316 3¹
1615 2274 1831 2322 sequentes

122 2342 223 2386 vero
255 2350 380 2384 aestus
414 2340 610 2384 continuo
645 2348 888 2391 crescerent,
927 2340 1060 2382 donec
1092 2340 1261 2381 tandem
1298 2348 1394 2395 post
1427 2347 1590 2393 tempus
1624 2338 1833 2379 infinitum

122 2405 452 2472 magnitudinem
481 2413 731 2470 assignatam
760 2411 1008 2462 obtinerent,
1040 2411 1075 2452 si
1105 2410 1272 2467 quidem
1299 2411 1406 2452 vires
1428 2409 1691 2451 sollicitantes
1720 2408 1832 2450 idem

123 2486 254 2527 robur
283 2483 487 2540 perpetuo
516 2490 751 2525 servarent:
782 2490 905 2538 atque
931 2481 1025 2523 hoo.
1042 2482 1152 2523 idem
1173 2481 1336 2523 evenire
1356 2481 1491 2531 debet,
1525 2481 1559 2521 si
1579 2488 1704 2521 aestus
1723 2494 1833 2535 prae-

126 2557 318 2599 cedentes
345 2564 507 2597 tantum
535 2555 688 2597 fuerint
707 2555 901 2605 minores,
932 2552 1056 2610 quzim
1076 2555 1110 2595 is
1131 2555 1203 2610 qui
1222 2554 1378 2595 viribus
1400 2553 1712 2595 sollicitantibus
1733 2567 1833 2594 con-

122 2628 247 2670 venit.
309 2626 452 2675 Quare
479 2625 576 2668 cum
595 2634 720 2667 aestus
739 2625 951 2666 novilunia
970 2639 1018 2666 ac
1046 2624 1272 2679 plenilunia
1297 2623 1578 2679 praecedentes
1599 2624 1682 2664 sint
1698 2625 1834 2666 mino·-

123 2715 204 2751 reS,
238 2699 268 2740 ii
299 2698 468 2754 quidem
500 2699 566 2740 his
597 2698 852 2754 temporibus
885 2698 938 2740 ab
970 2698 1099 2740 auctis
1126 2698 1283 2739 viribus
1310 2698 1588 2756 augebuntur,
1619 2713 1706 2739 non
1732 2697 1834 2740 vero

128 2771 265 2815 subito
295 2779 424 2813 totam
454 2786 571 2813 suam
600 2773 870 2828 quantitatem
897 2779 1213 2828 consequentur,
1244 2781 1367 2829 atque
1395 2772 1504 2814 hanc
1527 2768 1582 2814 ob
1602 2787 1691 2814 rem
1709 2781 1834 2815 aestus

129 2843 355 2885 etiamnum
375 2851 471 2899 post
490 2843 674 2899 syzygias
689 2852 910 2901 augmenta
925 2844 1138 2899 accipient,
1157 2841 1290 2886 donec
1304 2845 1359 2886 ob
1379 2853 1468 2886 tum
1484 2853 1674 2887 secutura
1687 2846 1836 2887 virium

129 2917 407 2967 decrementa,
439 2922 562 2956 aestus
591 2915 742 2957 iterum
772 2916 1009 2958 decrescere
1039 2916 1248 2971 incipiant.
1310 2917 1375 2958 Ita
1399 2926 1586 2973 tempore
1605 2918 1837 2959 novilunio-

131 2997 285 3030 rumret
302 2987 624 3043 pleniluniorum
642 3002 727 3029 non
747 2996 832 3030 tam
852 2989 932 3044 ipsi
951 2997 1075 3030 aestus
1096 2987 1219 3045 quam
1237 2988 1491 3031 incrementa
1510 3005 1653 3043 eorum
1669 3005 1838 3033 censen-

134 3058 189 3100 da
218 3066 314 3099 sunt
341 3058 536 3109 maxima,
568 3065 768 3114 quatenus
799 3059 952 3102 scilicet
971 3067 1094 3101 aestus
1122 3059 1403 3115 praecedentes
1423 3061 1604 3104 maxime
1623 3062 1835 3111 deficiunt,

177 3128 258 3159 Vot.
279 3128 350 3159 111.
990 3130 1015 3156 Z
