2092 3470
260 214 341 251 816
591 205 944 257 INQUISITIO
975 206 1245 249 PHYSICA
1276 205 1343 247 IN
1374 203 1631 248 CAUSAM

258 319 692 426 Q
717 350 760 394 -Ι-
788 317 1192 384 Q
1205 358 1217 392 3
1246 342 1367 398 hujus
1397 341 1506 383 enim
1535 340 1804 383 differentiale
1831 354 1958 397 nega—

380 387 612 442 <1—2g)
833 386 1143 441 2h<1—8g>

258 457 339 499 tive
355 464 536 498 sumtum
555 467 596 500 et
614 472 690 512 per
706 458 733 499 d
749 473 771 499 z
790 458 967 500 divisum
983 458 1054 498 dat
1072 458 1204 511 ipsam
1223 456 1471 498 celeritatem
1491 453 1696 497 ascensus.
1747 453 1960 504 Quoniam

260 537 398 570 autem
417 527 508 569 haec
530 528 740 583 expressio
759 528 880 571 simul
900 528 1068 569 exhibet
1088 526 1277 581 spatium,
1301 541 1383 582 quo
1402 539 1516 566 mare
1537 539 1660 579 supra
1678 523 1859 565 libellam
1879 522 1961 564 ele-

240 594 389 648 ‘vatur,
413 599 491 640 erit
510 599 695 641 celeritas
714 600 839 641 maris
862 600 906 640 in
927 598 1070 655 quovis
1094 598 1187 639 loco
1207 596 1348 639 versus
1368 595 1622 637 occidentem
1642 593 1961 650 proportionalis

259 670 476 712 elevationi
511 684 636 726 supra
668 671 863 730 libellam,
899 679 941 713 et
972 669 1133 712 inverse
1166 669 1437 725 profunditati
1469 668 1608 718 maris,
1649 681 1741 723 quae
1773 675 1834 709 est
1863 680 1962 708 vera

259 745 400 802 regula
420 760 498 800 pro
517 753 632 787 motu
651 747 790 795 maris,
822 754 907 787 tam
926 744 1109 788 verticali
1129 743 1251 800 quam
1271 741 1528 792 horizontali,
1551 739 1787 782 definiendo
1798 754 1811 789 ;
1841 747 1964 794 atque

261 818 319 859 ita
335 818 466 872 priori
483 819 611 861 modo
630 818 893 860 insufficienti
912 818 1179 873 supersedere
1198 817 1486 873 potuissemus.

319 892 350 941 ᾗ.
382 895 449 931 96.
500 889 820 931 Consideremus
856 903 956 945 ergo
989 897 1160 938 motum,
1198 903 1280 944 quo
1313 902 1421 943 aqua
1451 885 1535 928 tam
1566 883 1811 926 verticaliter
1840 880 1966 938 quam

258 949 567 1002 horizontaliter
593 967 860 1014 promovetur
880 974 905 1000 a
922 959 1039 1000 fluxu
1059 974 1189 1015 usque
1210 959 1263 1001 ad
1284 958 1500 1007 refluxum,
1522 955 1700 1013 indeque
1720 953 1774 996 ad
1794 965 1967 1008 sequen-

257 1038 342 1072 tem
363 1032 536 1081 fluxum,
568 1031 694 1087 idque
724 1031 800 1072 sub
829 1039 1052 1086 aequatore,
1066 1036 1071 1041 '
1084 1031 1182 1072 dum
1212 1031 1335 1073 Luna
1364 1030 1519 1086 pariter
1539 1029 1582 1069 in
1602 1034 1810 1083 aequatore
1829 1039 1968 1066 versa—

257 1109 347 1143 tur:
379 1102 458 1144 erit
477 1102 616 1159 itaque
637 1102 822 1145 celeritas
843 1102 1036 1144 ascensus
1057 1112 1104 1145 ut
1123 1127 1181 1136 —-
1200 1103 1276 1144 sin.
1298 1108 1323 1143 2
1345 1116 1381 1153 z,
1403 1101 1590 1145 celeritas
1611 1107 1749 1141 autem
1767 1096 1967 1140 horizon-

272 2321 374 2367 talis?
393 2319 535 2363 versus
565 2334 758 2362 occasum
787 2327 834 2361 ut
869 2324 918 2362 15
941 2333 1026 2360 cos.
1048 2323 1074 2359 2
1095 2333 1117 2359 z
1143 2324 1185 2368 -Ι-
1217 2324 1234 2359 1
1259 2317 1396 2373 posito
1414 2332 1444 2374 g
1471 2333 1512 2355 =
1545 2323 1605 2374 s15,
1637 2317 1704 2359 cui
1727 2316 1981 2372 expressioni
2001 2366 2010 2374 ⁴
2030 2335 2033 2338 ’

274 2394 398 2436 simul
432 2393 607 2436 altitudo
636 2407 755 2449 aquae
785 2406 911 2447 supra
938 2391 1121 2433 libellam
1150 2398 1212 2432 est
1243 2389 1575 2446 proportionalis.
1655 2388 1784 2438 Quod
1813 2388 1848 2430 si
1881 2402 1983 2445 ergo

279 2466 518 2522 superficies
550 2466 696 2508 Terrae
726 2481 798 2507 seu
827 2465 1047 2520 perimeter
1077 2463 1296 2519 aequatoris
1325 2462 1369 2503 in
1393 2467 1446 2505 24·
1468 2470 1606 2516 partes
1626 2459 1803 2515 aequales
1823 2459 1984 2502 divida-

273 2548 355 2590 tur,
392 2547 516 2596 atque
547 2541 592 2580 in
625 2540 727 2581 locis
760 2540 801 2580 A
830 2546 873 2580 et
899 2538 936 2580 B
967 2551 1075 2593 aqua
1107 2537 1159 2578 sit
1191 2534 1370 2577 maxime
1396 2534 1563 2583 elevata,
1596 2532 1642 2573 in
1673 2532 1710 2574 C
1739 2540 1780 2574 et
1809 2532 1854 2575 D
1882 2530 1986 2578 vero,

274 2612 457 2664 minime,
488 2612 651 2654 numeri
684 2618 719 2663 l,
745 2617 785 2662 2,
809 2618 848 2662 3,
870 2612 946 2654 διο.
978 2610 1255 2667 designabunt
1283 2624 1331 2651 ea
1361 2609 1508 2650 Terrae
1537 2606 1628 2647 loca
1655 2606 1698 2646 in
1719 2605 1868 2661 quibus
1887 2613 1988 2648 anto

275 2699 402 2726 unam
430 2685 496 2726 vel
524 2685 626 2726 duas
647 2684 713 2726 vel
731 2691 815 2726 tres
835 2683 913 2735 vel,
935 2684 1012 2726 διο.
1042 2683 1166 2724 horas
1196 2682 1361 2724 lunares
1381 2695 1488 2736 aqua
1514 2677 1694 2720 maxime
1714 2678 1791 2720 fuit
1810 2678 1979 2727 elevata,

280 2757 500 2798 tribuendo
534 2758 607 2798 uni
645 2756 763 2798 horae
801 2756 937 2798 lunari
970 2760 1025 2798 62
1061 2756 1231 2797 minuta.
1292 2753 1344 2796 In
1377 2750 1516 2794 tabula
1544 2765 1645 2807 ergo
1673 2747 1833 2791 annexa
1862 2747 1981 2790 exhi-

275 2826 397 2868 betur
427 2836 565 2870 motus
596 2835 682 2870 tam
713 2827 928 2878 verticalis,
963 2825 1087 2882 quam
1117 2823 1395 2874 horizontalis,
1431 2822 1484 2864 ad
1516 2820 1698 2879 singulas
1733 2820 1857 2862 horas
1889 2826 1986 2874 post

277 2898 439 2941 fluxum
459 2901 632 2956 elapsas.
