2092 3470
140 195 288 240 Lmnn
304 196 547 250 Teurnia]
605 194 927 240 PRINCIPIA
957 196 1450 249 MATHEMATICA.
1789 203 1841 249 17

403 403 1571 470 ΡΒΟΡΟΒῙΤΙΟΝΕΞ.

515 733 897 779 PROPOSITIO
927 734 963 776 1.
1022 698 1386 777 THEOREMA
1415 732 1452 776 1.

132 859 259 910 Vires,
291 859 429 915 quibus
451 861 634 913 planetae
662 857 971 913 circumjoviales
989 863 1186 911 perpetuo
1204 855 1467 898 retrahuntur
1485 871 1514 896 a
1533 854 1698 897 motibus
1716 857 1836 897 recti-

181 931 301 973 lineis
325 938 365 972 et
393 932 438 972 in
463 931 620 972 orbibus
643 931 725 972 suis
746 930 984 980 retinentur,
1011 928 1206 983 respicere
1225 933 1401 969 centrum
1426 927 1555 977 Jovis,
1577 934 1616 968 et
1636 942 1715 970 esse
1733 922 1860 970 reci—-

171 1000 299 1056 proce
315 1008 361 1044 ut
378 1002 581 1057 quadrata
600 1002 886 1044 distantiarum
904 1001 1074 1041 loom-um
1094 999 1146 1041 ab
1168 999 1302 1041 eodem
1320 1004 1468 1039 centro.

122 1116 416 1194 Pium-pars
443 1137 560 1194 prior
587 1137 884 1193 propositionis
910 1150 988 1192 per
1015 1135 1325 1192 phaenomenon
1351 1136 1549 1191 primum,
1581 1142 1623 1177 et
1642 1134 1834 1192 proposi-

119 1210 277 1253 tionem
305 1208 531 1251 secundam
559 1207 624 1249 vel
652 1207 818 1248 tertiam
845 1206 944 1248 libri
970 1206 1118 1261 primi:
1150 1214 1193 1249 et
1219 1220 1317 1262 pars
1336 1205 1546 1261 posterior
1563 1219 1640 1260 per
1659 1205 1833 1260 phaeno-

117 1295 271 1325 menon
303 1280 502 1337 primum,
533 1287 575 1322 et
609 1279 874 1322 corollarium
907 1284 1074 1322 sextum
1110 1277 1407 1336 propositionis
1447 1285 1608 1334 quartae
1647 1277 1833 1333 ejusdem

116 1352 229 1396 libri.
1548 1363 1551 1365 ·

175 1424 299 1469 Idem
317 1424 502 1490 intellige
520 1423 574 1467 de
591 1423 768 1479 planetis
789 1422 862 1480 qui
883 1423 1109 1466 Saturnum
1130 1422 1395 1474 comitantur,
1424 1436 1502 1478 per
1523 1421 1833 1477 phaenomenon

117 1495 358 1540 secundum.
380 1514 385 1520 ,

478 1645 863 1689 PROPOSITIO
893 1644 954 1688 11.
1014 1642 1379 1688 THEOREMA
1409 1643 1470 1687 ΙΙ.

121 1770 248 1821 Vires,
271 1770 409 1825 quibus
418 1771 601 1823 planetae
612 1767 812 1822 primarii
822 1773 1019 1822 perpetuo
1038 1766 1302 1808 retrahantur
1316 1779 1344 1806 α
1357 1765 1524 1807 motibus
1543 1766 1774 1817 rectilineis,
1791 1774 1831 1808 et

169 1842 215 1883 in
235 1836 392 1883 orbibus
418 1843 500 1883 suis
526 1841 766 1890 retinentur,
788 1841 984 1894 respicere
1002 1839 1145 1888 Solem,
1173 1844 1213 1879 et
1238 1851 1320 1880 esse
1339 1836 1542 1892 reczprocc?
1560 1845 1606 1880 ut
1625 1840 1830 1893 quadrata

169 1912 454 1953 distantiarum
473 1911 532 1976 ab·
544 1912 670 1965 ipsius
687 1916 834 1952 centro.

170 2033 292 2076 Patet
318 2047 415 2088 pars
444 2031 560 2087 prior
588 2031 883 2086 propositionis
912 2045 990 2087 per
1018 2029 1327 2086 phaenomenon
1348 2030 1552 2087 quintum,
1575 2037 1618 2071 et
1635 2029 1827 2085 proposi—

111 2103 268 2145 tionem
298 2101 522 2144 secundam
552 2100 647 2142 libri
674 2101 821 2156 primi:
853 2108 896 2142 et
923 2115 1021 2156 pars
1050 2100 1258 2156 posterior
1276 2115 1354 2156 per
1372 2100 1682 2155 phaenomenon
1702 2115 1825 2156 quar-

112 2182 214 2226 tum,
247 2182 289 2216 et
320 2173 649 2230 propositionem
685 2181 876 2229 quartam
911 2172 1098 2232 ejusdem
1131 2172 1242 2214 libri.
1322 2171 1646 2215 Accuratissime
1686 2181 1824 2216 autem

113 2245 420 2291 demonstratur
449 2243 541 2285 haec
566 2238 663 2298 pars
689 2243 985 2299 propositionis
1007 2244 1059 2299 (⁸)
1080 2258 1157 2299 per
1177 2244 1359 2300 quietem
1380 2243 1651 2300 apheliorum.
1712 2245 1823 2287 Nam

153 2367 167 2408 (
169 2365 200 2407 ⁸)
218 2368 235 2387 ⁸
252 2368 317 2398 Per
330 2367 462 2408 quietem
475 2367 675 2406 apheliorum.
724 2368 743 2384 ”
762 2365 945 2397 Astronomi
1032 2365 1094 2396 Sed
1113 2365 1251 2396 multum
1274 2366 1359 2396 abest
1379 2364 1475 2407 quam
1494 2372 1531 2397 ut
1549 2366 1602 2396 ine
1628 2365 1822 2405 apheliomm

110 2414 215 2440 motus
249 2409 387 2440 eoelesoes
421 2408 576 2439 calmxlant
603 2407 767 2439 referendo
794 2414 876 2439 astra
903 2407 944 2438 ad
986 2414 1100 2444 motus,
1115 2408 1284 2438 certissime
1297 2408 1527 2445 determinetur,
1540 2415 1572 2439 et
1582 2409 1825 2441 unisormisoeoe

111 2451 293 2491 eclipticam,
330 2451 422 2492 cujus
450 2450 578 2481 initium
604 2460 661 2489 per
695 2450 945 2481 intersectionem
986 2450 1243 2490 deprehendatur.
1259 2460 1296 2480 ex
1312 2451 1575 2481 observationibus
1588 2450 1693 2482 motus
1707 2452 1822 2490 aphelii

159 2494 275 2524 uatoris
295 2499 327 2525 et
346 2493 497 2533 eclipticae
522 2493 764 2531 determinatum
788 2493 843 2524 sed
863 2492 944 2524 illud
988 2492 1824 2533 Terraenunep1uspmcederequam5o''nuncminus

110 2536 236 2567 imu'um
250 2535 348 2566 fixum
364 2546 427 2567 non
443 2541 498 2573 est,
514 2541 675 2575 etpropter
689 2536 755 2566 axis
767 2536 873 2567 Terrae
883 2546 943 2566 nu·
986 2535 1234 2576 deprehenditur,
1243 2535 1328 2566 unde
1338 2535 1467 2577 quidam
1478 2535 1821 2568 astronominonalium

109 2578 260 2610 tationem
284 2578 458 2609 mtersectio
482 2578 536 2608 illa
553 2578 588 2608 in
609 2577 822 2610 antecedentia
846 2579 944 2609 fenur
986 2579 1127 2620 esseejus
1135 2585 1255 2609 motum
1265 2584 1376 2618 praeter
1389 2585 1510 2609 motum
1521 2578 1619 2617 ipsius
1633 2578 1714 2608 initii
1724 2579 1820 2619 eclip-

110 2624 150 2653 51
167 2621 287 2652 circiter
299 2620 443 2651 secundis
453 2620 577 2662 singulo
590 2630 683 2657 anno,
698 2621 771 2652 hinc
785 2621 856 2651 fixae
870 2621 941 2652 toti-
984 2621 1054 2652 ticae
1068 2628 1203 2652 censent.
1248 2621 1369 2652 Pariter
1379 2631 1417 2651 ex
1432 2621 1694 2652 observationibus
1705 2622 1819 2661 aphelii

110 2662 184 2695 dem
204 2663 349 2695 secundis
369 2663 513 2704 progredi
526 2663 678 2694 videntur.
727 2663 862 2704 Aphelia
875 2663 942 2703 pla-
987 2664 1122 2701 Saturni,
1146 2664 1214 2705 ejus
1236 2669 1340 2694 motus
1364 2663 1540 2705 irregularis
1569 2663 1731 2702 videretur,
1760 2664 1818 2694 ali-

110 2711 254 2738 neterum
275 2706 368 2737 etiam
388 2705 532 2746 progredi
551 2705 693 2737 videntur
713 2713 853 2746 respectu
875 2706 943 2747 ejus
984 2706 1109 2756 quando
1138 2705 1309 2744 accelerari,
1338 2706 1506 2747 aliquando
1536 2705 1735 2744 reuoeedm,
1768 2715 1820 2739 ex.

111 2748 192 2781 initii
205 2748 364 2789 eclipticae,
380 2747 574 2789 progreditur
587 2759 663 2790 ergo
676 2749 802 2790 singulo
816 2759 908 2780 anno.
984 2749 1094 2791 gratia,
1124 2751 1163 2779 ab
1191 2759 1275 2780 anno
1306 2751 1387 2780 1694
1424 2748 1464 2779 ad
1496 2748 1592 2778 finem
1620 2749 1694 2779 anni
1726 2752 1816 2787 1708,

197 2791 371 2833 Aphelium
384 2791 490 2822 Terrae
575 2811 587 2817 -
631 2811 644 2818 -
685 2810 700 2818 -
743 2791 811 2823 62''.
985 2792 1114 2822 minutis
1134 2791 1199 2822 sere
1220 2795 1262 2822 33
1282 2791 1488 2822 retrocessisse
1509 2797 1639 2822 testatur
1659 2792 1814 2824 Casainus.

387 2832 514 2865 Saturni
573 2851 589 2859 -
630 2852 646 2859 -
690 2855 702 2861 -
745 2835 813 2866 78⁶.
989 2834 1159 2874 Aphelium
1182 2834 1270 2866 Jovis
1298 2833 1339 2864 ad
1367 2840 1489 2863 motum
1515 2833 1648 2865 fixamm
1676 2835 1818 2874 proxime

384 2875 476 2909 Jovis
518 2894 534 2901 -
576 2894 591 2902 -
633 2895 648 2902 -
692 2897 704 2903 -
746 2877 815 2909 57”.
988 2877 1132 2908 accedere
1157 2877 1287 2913 videtur,
1312 2877 1368 2906 &c-
1432 2875 1526 2907 Unde
1545 2882 1673 2913 constat,
1697 2877 1819 2917 aphelia

386 2918 503 2951 Marfis
577 2937 592 2944 -
635 2939 647 2946 -
689 2937 704 2946 -
747 2919 816 2950 72‘'·
831 2951 833 2954 ⁴
986 2918 1221 2960 quamproxime
1235 2919 1400 2959 quiescere,
1416 2923 1448 2949 et
1461 2929 1528 2949 eun
1539 2920 1742 2960 quantitatem
1754 2922 1820 2950 exi—

387 2961 520 2992 Veneris
575 2980 591 2988 -
631 2979 646 2987 -
689 2980 704 2987 -
746 2962 814 2993 86¹¹.
987 2972 1084 3001 guam
1106 2961 1210 2992 monis
1224 2961 1296 3000 ipsis
1310 2960 1456 3001 assignati
1469 2972 1540 3003 quae
1555 2962 1676 2993 excedit
1696 2968 1819 2994 motum

389 3002 540 3035 Mercurii
575 3022 590 3030 -
633 3022 647 3029 -
686 3019 703 3029 -
747 3003 814 3035 80''.
988 3004 1130 3041 fixarum,
1156 3004 1235 3035 forte
1257 3003 1505 3036 observationum
1527 3005 1679 3037 erroribus
1703 3005 1814 3042 deberi,
