2092 3470
168 249 317 292 me
333 225 574 302 Turnus]
622 243 947 290 PRINCIPIA
978 235 1472 290 MATHEMATICA.

166 364 275 395 eodem
297 365 389 405 plano
408 366 477 405 (per
491 367 520 394 6.
541 362 607 394 XI.
629 361 750 402 Elem.)
766 358 898 401 ideoque
915 359 999 392 linea

172 407 200 437 P
224 418 245 446 p
270 408 381 437 secabit
407 407 519 437 lineam
550 406 589 436 M
610 406 658 441 N,
690 410 721 434 et
744 402 818 434 cum
843 403 998 443 triangula

170 449 198 479 P
218 451 247 480 lt
264 450 301 486 C,
317 460 337 488 p
351 459 367 478 r
384 447 486 480 C'sint
499 448 628 489 aequalia
642 454 766 487 propter
779 456 795 475 r
810 458 829 485 p
843 459 889 476 =
909 447 939 476 st
956 445 995 481 Ρ,

166 492 298 532 angulos
317 498 424 527 rectOS,
448 498 479 521 et
499 491 632 531 angulos
647 500 700 529 per
715 489 858 519 verticem
873 488 995 528 opposi-

165 540 220 567 tos.
243 534 343 574 §influe
366 534 394 564 N
411 543 426 563 r
439 546 485 568 τε.-
504 534 540 564 Μ
560 534 591 563 R.
606 533 687 563 linea
705 533 732 562 P
746 542 766 571 p
781 531 920 561 transibit
941 540 996 570 per

164 578 313 608 centrum*
323 574 367 612 C;
391 577 449 615 erit
463 577 555 606 etiam
570 575 650 606 linea
671 575 728 614 Pp
744 577 775 604 in
793 574 884 612 plano
899 573 995 604 trian-

162 619 230 660 guli
259 619 284 648 Z
305 619 362 658 Ρζ
387 617 460 649 cum
486 620 596 649 habeat
622 625 736 657 puncta
762 617 788 647 P
805 623 835 646 et
853 616 879 647 C
901 616 934 646 in
955 626 993 646 eo

162 661 274 700 plano;
298 661 370 692 inde
390 662 415 690 si
434 662 608 702 jungantur
628 661 719 692 lineae
743 660 768 690 Z
791 669 822 698 p,
842 659 904 698 (p,
930 665 993 689 tota

161 703 263 743 figura
289 704 314 734 1’
330 704 355 733 Z
371 714 391 742 p
407 705 425 742 ζ
446 705 503 734 erit
524 705 556 734 in
578 703 687 735 eodem
706 703 809 742 plano,
825 709 857 731 et
870 710 994 741 propter
1034 711 1066 742 g,

162 748 294 786 aequales
312 746 339 776 P
354 747 389 782 C,
402 757 421 785 p
436 747 472 782 C,
485 747 510 776 Z
529 747 566 784 C,
580 748 606 777 C
617 747 636 786 ζ
650 753 680 776 et
694 744 826 785 angulos
839 744 991 782 intercep-

161 795 208 818 tos
224 798 277 827 per
292 789 433 820 verticem
448 789 604 827 oppositos
618 789 708 819 lineae
725 788 754 819 P
769 788 806 823 Z,
827 796 849 825 p
864 787 883 824 ζ
901 792 993 816 erunt

161 832 303 871 aequales,
334 837 370 862 ut
397 839 428 861 et
455 832 545 861 lineae
578 831 605 862 P
627 832 654 870 ζ,
678 841 699 870 p
726 831 762 867 Z,
791 829 864 859 hinc
892 828 992 868 figura

162 873 191 904 P
214 874 239 903 Z
257 885 277 913 p
300 875 318 913 ξ
340 881 385 904 est
410 873 694 914 parallelogramma
718 873 808 913 cujus
834 871 861 901 P
881 880 901 909 p
926 871 989 900 sive

160 920 180 945 2
203 916 231 946 P
255 917 283 952 C,
307 924 353 946 est
375 915 567 957 diagonalis3
598 925 692 957 quare
717 914 790 946 cum
815 913 989 952 pyramides

157 960 280 996 trahant
293 958 463 989 secundum
478 959 659 989 directiones
676 958 704 988 P
721 958 756 994 Z,
779 957 807 987 P
823 957 851 994 ζ,
873 955 988 985 viribus

157 1011 228 1042 quae
242 1008 315 1032 sunt
330 1008 364 1031 ut
382 1002 409 1031 P
423 1002 447 1031 Z
462 1001 502 1031 ad
520 1002 547 1031 P
562 1002 589 1039 ζ,
606 1001 651 1030 vis
664 999 737 1031 inde
750 998 900 1030 resultans
914 997 987 1027 diri-

157 1050 248 1084 getur
269 1043 441 1074 secundnm
461 1043 656 1084 diagonalem
678 1043 708 1074 P
727 1053 760 1082 p,
781 1042 844 1072 sive
866 1044 886 1072 2
903 1040 932 1071 Ρ
950 1040 986 1077 C,

156 1096 246 1126 exque
261 1087 317 1116 erit
332 1087 573 1125 proportionalis.

200 1129 294 1164 Quod
316 1128 389 1159 cum
411 1129 454 1160 ita
474 1129 513 1159 sit
533 1128 573 1159 de
594 1128 738 1159 omnibus
758 1125 882 1167 punctis
907 1124 931 1155 Z
952 1124 985 1154 in

153 1170 403 1202 circumferentia
426 1171 463 1201 M
487 1171 518 1201 D
544 1171 575 1202 N
598 1171 627 1201 E
653 1170 821 1207 sumendis,
846 1167 985 1198 attractio

153 1213 260 1252 puncti
279 1213 307 1244 P
321 1214 359 1244 ab
373 1214 516 1244 omnibus
531 1214 654 1253 paribus
668 1212 862 1253 pyramidum
878 1210 911 1240 in
925 1210 984 1240 cir-

153 1255 357 1287 cumferentia
378 1256 445 1297 ejus
468 1255 577 1287 circuli
602 1258 847 1292 terminatarum,
870 1252 929 1284 erit
948 1258 986 1284 ut

146 2091 167 2118 2
184 2087 212 2118 P
228 2088 254 2120 C
270 2089 472 2130 multiplicata
484 2101 540 2131 per
553 2100 718 2123 numerum
733 2094 853 2133 parium
868 2104 975 2126 earum

143 2131 358 2170 pyramidum;
382 2134 445 2164 sive
460 2135 517 2165 erit
539 2141 575 2165 ut
600 2135 627 2176 Ρ
644 2136 670 2166 C
692 2135 758 2174 ipsa
771 2136 975 2177 multiplicata

143 2183 198 2211 per
213 2184 378 2206 numerum
392 2177 534 2207 omnium
551 2177 579 2207 P
595 2177 620 2207 Z
635 2177 676 2208 ad
696 2178 975 2211 circumferentiam

145 2215 184 2246 M
205 2216 234 2246 D
253 2217 284 2251 N
302 2218 331 2248 Ε
352 2219 592 2250 terminatarum.

187 2258 331 2299 Denique
347 2267 382 2291 ut
395 2261 568 2293 obtineatur
582 2271 730 2293 numerus
748 2273 856 2294 earum
877 2264 973 2295 linea·-

142 2309 212 2330 rum
228 2301 254 2331 P
262 2302 287 2331 Z
297 2303 336 2333 ad
348 2304 624 2335 circumferentiam
634 2305 804 2344 quamlibet
814 2307 852 2336 M
860 2307 892 2336 D
902 2307 932 2337 N
942 2307 972 2337 E

142 2345 384 2383 terminatarum,
401 2347 624 2378 observandum
640 2354 693 2382 est,
711 2358 762 2378 eas
776 2345 872 2379 lineas
885 2359 973 2390 egre-

141 2384 260 2416 dientes
284 2389 323 2418 ab
345 2389 560 2428 hemisphaerio
584 2389 666 2420 circa
692 2390 721 2420 P
749 2390 910 2430 descripto,
940 2390 975 2422 id

140 2427 208 2476 ejus
228 2430 388 2468 superficie
409 2432 530 2471 signare
550 2432 664 2462 lineam
685 2442 811 2463 curvam
828 2433 974 2474 (duplicis

140 2470 266 2509 quidem
287 2480 458 2504 curvaturae
474 2475 600 2514 quando
621 2475 650 2505 P
664 2485 729 2505 non
747 2475 889 2506 imminet
903 2483 972 2516 per-

142 2512 378 2550 pendiculariter
391 2522 496 2547 centro
510 2518 545 2552 C,
562 2518 622 2547 isto
636 2517 720 2548 enim
734 2517 767 2547 in
782 2528 855 2548 casu
869 2519 971 2558 signa-

140 2561 210 2584 rent
223 2556 389 2598 circulum)
412 2566 443 2589 et
461 2566 584 2598 propter
598 2560 803 2600 aequalitatem
819 2560 971 2592 distantiae

141 2605 309 2628 concursus
330 2610 438 2631 eorum
461 2602 567 2632 axium
592 2612 666 2632 cum
688 2602 848 2641 superficie
873 2603 971 2633 hemi-

139 2639 261 2678 spbaerii
282 2643 335 2682 (ex
357 2644 596 2684 constructione)
613 2654 760 2675 numerus
773 2655 878 2675 arum
894 2646 971 2676 line-

139 2691 229 2711 arum
250 2683 308 2714 erit
329 2690 365 2714 ut
385 2684 546 2725 longitudo
567 2687 634 2728 ejus
651 2687 741 2718 lineae
755 2697 857 2718 curvae
872 2688 904 2718 in
919 2699 971 2719 su-

138 2723 262 2761 perficie
283 2726 487 2765 hemisphaerii
518 2728 664 2769 signatae3
697 2731 760 2760 huc
788 2740 862 2770 ergo
890 2731 970 2761 redit

137 2772 204 2796 tota
216 2768 354 2807 questio,
371 2775 416 2806 ut,
432 2770 504 2801 dato
518 2778 634 2809 puncto
651 2773 679 2802 P
688 2773 815 2814 ejusque
830 2772 969 2803 ordinata

142 2806 170 2837 P
188 2809 219 2845 Q
234 2809 273 2840 ad
288 2820 376 2841 axem
392 2812 481 2843 solidi
496 2814 630 2851 rotundi,
645 2813 831 2855 sumptaque
845 2821 881 2845 ut
895 2815 970 2846 libet

138 2850 270 2882 abscissa
299 2854 327 2883 Α
353 2853 390 2890 C,
417 2854 484 2894 ejus
507 2855 647 2887 ordinata
675 2857 701 2888 C
726 2857 772 2892 Μ,
800 2863 831 2888 et
855 2857 972 2888 circulo

139 2891 180 2941 ,Μ
200 2894 230 2924 D
245 2894 276 2925 N
290 2895 320 2926 E
335 2896 402 2936 ejus
415 2897 563 2935 ordinatqe
577 2899 794 2936 convolutione
808 2899 968 2939 descripto,

137 2937 312 2968 inveniatur
333 2939 497 2979 longitudo
517 2949 619 2970 curvae
638 2941 796 2981 descriptae
816 2942 849 2972 in
863 2952 970 2981 super-

137 2977 207 3026 ficie
220 2981 346 3018 sphaerae
362 2982 467 3023 (cujus
481 2982 585 3012 radius
601 2983 629 3013 P
646 2984 668 3014 S
682 2984 721 3014 ad
735 2984 870 3015 lubitum
885 2995 970 3015 assu-

136 3025 247 3062 mitur)
271 3033 326 3062 per
349 3023 594 3054 intersectionem
620 3025 689 3056 coni
714 3026 854 3057 inclinati
881 3027 971 3068 cujus

136 3066 539 3105 venexestnbasisver&
557 3067 744 3100 MDNE.

1817 251 1866 294 71

1085 361 1131 392 Ut
1150 360 1315 401 longitudo
1329 372 1384 392 seu
1397 361 1574 393 rectificatio
1588 363 1656 405 ejus
1669 372 1773 394 curvae
1790 363 1870 394 obti-

1039 410 1158 440 nentur,
1185 402 1339 434 ducantur
1363 414 1383 433 a
1406 411 1522 442 puncto
1547 405 1574 435 P
1595 405 1636 436 ad
1666 405 1731 437 duo
1754 411 1871 445 puncta

1039 446 1179 485 proxima
1192 446 1372 486 peripheriae
1388 446 1426 476 M
1446 447 1478 476 D
1495 447 1527 476 N
1545 450 1574 479 E
1589 449 1680 479 lineae
1698 449 1726 479 P
1737 449 1774 484 Z,
1795 448 1867 485 Ρη

1037 489 1169 519 abscissa
1179 488 1285 519 circuli
1299 488 1470 518 secundum
1482 489 1665 521 diametrum
1676 501 1695 521 a
1709 496 1825 529 puncto
1836 491 1867 521 N

1037 530 1192 562 remotiori
1214 541 1233 560 a
1253 536 1370 571 puncto
1392 531 1420 561 P
1441 538 1589 566 sumatur,
1605 533 1725 572 sintque
1745 534 1776 564 N
1792 540 1814 564 Γ
1836 534 1867 564 et

1039 581 1061 604 r
1086 571 1112 603 Z
1137 572 1267 604 abscissa
1289 581 1321 604 et
1343 573 1483 603 ordinata
1514 574 1620 603 circuli
1649 576 1867 613 respondentes

1035 622 1152 655 puncto
1173 616 1208 651 Z,
1235 616 1355 654 dicatur
1383 617 1413 646 N
1430 622 1463 653 r,
1487 625 1518 650 x.
1542 622 1564 646 r
1581 616 1616 652 Z,
1636 626 1676 655 y;
1701 618 1765 651 Zz,
1791 618 1864 656 dv;

1035 664 1100 689 tota
1113 658 1261 689 diameter
1278 659 1316 690 M
1334 659 1374 694 N,
1390 658 1413 695 f,
1430 658 1564 697 duplum
1577 658 1725 688 ordinata·
1742 659 1770 689 P
1781 660 1814 696 Q
1826 661 1866 692 sit

1093 700 1226 741 denique
1250 702 1275 732 si
1301 709 1406 732 centro
1432 700 1460 731 P
1479 700 1566 730 radio
1590 701 1618 731 P
1635 701 1657 731 S
1671 700 1866 742 ,describatur

1034 753 1123 774 arcus
1144 744 1167 774 S
1180 754 1204 780 ε,
1226 744 1278 775 ille
1302 754 1391 774 arcus
1413 743 1435 774 S
1447 754 1464 774 s
1478 743 1536 773 erit
1556 743 1746 774 elementum
1763 753 1865 774 curvae

1034 786 1171 825 quaesitae
1191 786 1379 826 respondens
1400 786 1553 817 elemento
1573 785 1681 816 circuli
1702 786 1723 816 d
1737 796 1765 815 v.
1791 822 1795 823 ⁷
1813 787 1865 817 Ex

1041 829 1075 866 Ρ,
1090 836 1127 859 ιιι
1141 829 1234 868 prius,
1256 829 1436 861 demittatur
1456 829 1489 858 in
1504 828 1656 858 circulum
1678 828 1716 859 Μ
1733 828 1767 859 D
1784 828 1818 858 N
1835 829 1864 859 E

1030 899 1286 940 perpendiculum
1302 899 1332 929 P
1345 899 1387 936 R,
1402 898 1460 929 erit
1473 898 1505 929 R
1516 899 1543 930 C
1553 911 1600 928 =
1618 897 1647 928 P
1660 898 1694 934 Q
1704 909 1752 927 =
1768 882 1864 954 {fix

1036 969 1067 1000 R
1078 969 1231 1000 ducantur
1245 969 1335 999 lineae
1353 967 1384 998 R
1397 968 1422 997 Z
1437 973 1469 998 et
1485 968 1551 1002 Rz,
1568 974 1599 999 et
1613 973 1719 998 centro
1736 967 1763 998 C
1777 966 1865 997 radio

1035 1012 1067 1043 R
1080 1013 1105 1043 Z
1120 1012 1308 1043 describatur
1322 1020 1411 1041 arcus
1427 1010 1453 1040 Z
1467 1010 1501 1040 K
1516 1018 1552 1041 ut
1566 1011 1605 1041 sit
1623 1009 1654 1040 R
1668 1009 1702 1040 K
1716 1022 1763 1039 =
1781 1010 1813 1040 R
1826 1010 1862 1045 Z,

1031 1064 1069 1084 ex
1086 1062 1198 1086 centro
1222 1055 1248 1085 C
1270 1053 1403 1084 ducatur
1416 1052 1456 1083 ad
1472 1053 1497 1082 Z
1511 1053 1616 1084 radius
1637 1053 1663 1083 C
1680 1053 1717 1090 Z,
1740 1060 1772 1083 et
1794 1062 1863 1092 per·

1029 1096 1231 1136 pendiculum
1255 1097 1282 1128 C
1299 1097 1330 1127 Y
1350 1096 1384 1126 in
1398 1095 1512 1125 lineam
1530 1096 1561 1126 R
1574 1095 1611 1133 Z,
1626 1094 1697 1126 dico
1715 1094 1760 1126 10.
1778 1094 1864 1136 quod

1029 1140 1203 1180 triangulus
1222 1141 1252 1170 R
1266 1140 1292 1170 C
1304 1138 1334 1169 Y
1348 1145 1394 1168 est
1405 1137 1513 1167 similis
1522 1138 1678 1179 triangulo
1695 1137 1727 1168 R
1737 1137 1762 1167 Z
1774 1145 1806 1174 Γ,
1823 1139 1863 1168 ob

1028 1183 1180 1223 angulum
1195 1184 1228 1213 iu
1246 1183 1278 1213 R.
1292 1190 1501 1217 communem,
1517 1187 1548 1211 et
1561 1188 1660 1212 rectos
1675 1187 1697 1211 Γ
1708 1187 1740 1212 et
1752 1180 1792 1218 Y,
1802 1190 1864 1210 un·

1027 1229 1863 1316 deoetRzadzr(y)sicutRc(})adcY

1310 2153 1332 2181 g
1343 2151 1364 2182 Υ
1408 2180 1416 2188 .
1466 2167 1485 2186 ο

1279 2181 1417 2225 ῆ-Ξ’
1446 2172 1465 2198 2
1486 2189 1495 2198 ·

1016 2245 1062 2269 est
1075 2237 1184 2268 similis
1198 2237 1354 2277 triangulo
1367 2238 1392 2267 Z
1407 2237 1440 2267 K
1452 2247 1488 2274 23
1504 2246 1577 2267 nam
1586 2235 1721 2278 angulus
1736 2236 1767 2266 R
1777 2236 1802 2265 Z
1814 2235 1847 2266 K

1016 2286 1062 2311 est
1075 2287 1177 2310 rectus
1191 2289 1246 2319 per
1259 2286 1369 2310 constr.
1384 2280 1530 2320 quoniam
1545 2278 1719 2320 triangulus
1736 2278 1766 2308 R
1776 2277 1802 2308 Z
1815 2277 1848 2310 K
1887 2282 1891 2283 ⁷

1016 2329 1062 2353 est
1082 2322 1231 2358 isosceles,
1246 2322 1381 2361 angulus
1396 2320 1468 2352 vero
1492 2322 1518 2352 C
1535 2321 1561 2352 Z
1573 2333 1588 2351 z
1610 2328 1656 2351 est
1670 2321 1762 2351 etiam
1782 2331 1846 2351 rec-

1016 2371 1067 2396 tus
1081 2375 1135 2404 per
1149 2371 1290 2395 naturam
1305 2364 1422 2401 circuli,
1445 2364 1529 2394 unde
1547 2365 1674 2403 dempto
1688 2363 1847 2393 communi

1018 2408 1045 2439 C
1059 2408 1085 2438 Z
1101 2407 1132 2438 K
1148 2413 1274 2437 manent
1288 2407 1419 2446 aequales
1433 2406 1540 2447 anguli
1559 2406 1585 2436 C
1598 2407 1624 2437 Z
1638 2407 1668 2437 Y
1682 2411 1713 2436 et
1735 2405 1768 2435 K
1781 2405 1806 2435 Z
1818 2415 1845 2440 a,

1016 2458 1162 2490 praeterea
1175 2448 1284 2490 anguli
1298 2449 1332 2478 in
1349 2449 1379 2479 Y
1394 2455 1425 2479 et
1441 2448 1475 2479 K
1490 2454 1563 2479 sunt
1581 2450 1655 2479 recti
1665 2461 1682 2481 z*
1700 2447 1759 2478 erit
1772 2457 1847 2488 ergo

1015 2168 1099 2211 quod
1113 2170 1170 2200 erit
1183 2174 1258 2210 ergo
1520 2164 1695 2207 triangulus
1727 2167 1754 2198 C
1771 2167 1797 2198 Z
1819 2166 1850 2197 Y

1014 2519 1119 2552 radius
1138 2519 1164 2550 c
1181 2519 1206 2549 z
1227 2491 1329 2583 (ἑ)
1346 2516 1385 2547 ad
1403 2517 1474 2549 ογ
1523 2495 1845 2578 2252).sicuzz=

1015 2614 1095 2657 (dv)
1111 2614 1198 2646 adK
1214 2610 1338 2654 unod
1353 2612 1409 2644 erit
1424 2622 1498 2654 ergo
1517 2638 1547 2668 R
1564 2596 1670 2675 {af
1688 2610 1759 2642 ἀπ

1055 2684 1115 2715 30.,
1134 2684 1277 2714 Ducatur
1293 2692 1330 2712 ex
1348 2682 1376 2712 P
1391 2682 1472 2712 linea
1490 2681 1517 2711 P
1532 2680 1575 2716 K,
1599 2690 1636 2710 ea
1649 2680 1706 2712 erit
1721 2680 1847 2722 aequalis

1013 2728 1102 2761 lineae
1120 2726 1148 2758 P
1161 2727 1196 2762 Z,
1218 2735 1289 2755 nam
1305 2724 1452 2765 trianguli
1469 2724 1498 2754 P
1517 2723 1548 2753 R
1565 2723 1600 2759 Z,
1619 2723 1648 2754 P
1662 2723 1693 2754 R
1706 2723 1740 2754 K
1754 2730 1846 2754 erunt

1012 2770 1146 2810 aequales
1160 2771 1199 2799 ob
1210 2777 1408 2798 communem
1427 2767 1454 2798 P
1468 2767 1509 2803 R,
1525 2766 1658 2806 aequaloe
1671 2776 1725 2806 per
1735 2772 1847 2797 constr.

1017 2814 1048 2845 R
1062 2813 1086 2842 Z
1112 2818 1142 2842 et
1170 2811 1201 2841 R
1215 2810 1259 2846 K,
1287 2817 1318 2840 et
1343 2808 1474 2850 angulos
1495 2809 1529 2838 in
1556 2807 1586 2838 R
1608 2814 1706 2839 rectos
1727 2810 1797 2851 (per
1812 2812 1842 2839 4.

1017 2856 1082 2887 xl.
1105 2854 1247 2892 Elem.);
1270 2852 1343 2881 hinc
1356 2852 1382 2881 si
1403 2851 1499 2881 radiovv
1514 2850 1603 2887 PK,
1625 2857 1732 2882 centro
1749 2852 1778 2882 P
1791 2851 1846 2882 de-

1014 2899 1162 2930 scribatur
1184 2905 1273 2925 arcus
1300 2895 1333 2924 K
1344 2908 1375 2930 u,
1403 2894 1460 2924 erit
1478 2893 1505 2924 P
1516 2907 1538 2924 n
1551 2906 1596 2922 =
1612 2893 1640 2924 P
1652 2894 1678 2924 Z
1701 2901 1733 2924 et
1756 2892 1847 2925 arcus

1016 2943 1041 2972 Z
1056 2956 1077 2971 ω
1099 2938 1207 2969 similis
1228 2938 1285 2968 erit
1306 2937 1458 2967 elemento
1472 2936 1600 2976 quaesito
1622 2938 1643 2967 S
1657 2947 1682 2973 s,
1705 2943 1736 2967 et
1750 2936 1845 2967 trian-

1014 2984 1108 3025 gulus
1126 2982 1150 3011 Z
1166 2991 1181 3010 z
1197 2995 1218 3011 ω
1232 2979 1430 3019 rectangulus
1443 2979 1500 3009 erit
1514 2979 1546 3008 in
1561 2993 1592 3009 u.

1060 3026 1166 3058 Porro,
1189 3021 1364 3062 triangulus
1386 3021 1419 3052 K
1431 3035 1452 3051 u
1467 3031 1483 3050 z
1497 3022 1554 3052 erit
1567 3021 1676 3052 similis
1691 3021 1847 3061 triangulo

1018 3068 1046 3099 P
1063 3069 1093 3098 R
1105 3078 1120 3096 z
1135 3067 1175 3096 ob
1190 3065 1342 3106 angulum
1356 3073 1554 3095 communem
1569 3064 1602 3094 iu
1617 3074 1643 3102 z,
1656 3071 1688 3096 et
1702 3071 1799 3095 rectos
1814 3063 1846 3093 iu
