<?xml version="1.0" encoding="UTF-8"?>
<!DOCTYPE html PUBLIC "-//W3C//DTD XHTML 1.0 Transitional//EN"
    "http://www.w3.org/TR/xhtml1/DTD/xhtml1-transitional.dtd">
<html xmlns="http://www.w3.org/1999/xhtml" xml:lang="en" lang="en">
 <head>
  <title>
</title>
<meta http-equiv="Content-Type" content="text/html;charset=utf-8" />
  <meta name='ocr-system' content='tesseract 3.04.00' />
  <meta name='ocr-capabilities' content='ocr_page ocr_carea ocr_par ocr_line ocrx_word'/>
</head>
<body>
  <div class='ocr_page' id='page_1' title='image "./philosophiaenatu03newtuoft_0344.png"; bbox 0 0 2092 3470; ppageno 0'>
   <div class='ocr_carea' id='block_1_1' title="bbox 270 236 1642 292">
    <p class='ocr_par' dir='ltr' id='par_1_1' title="bbox 270 236 1642 292">
     <span class='ocr_line' id='line_1_1' title="bbox 270 236 1642 292; baseline -0.004 -9"><span class='ocrx_word' id='word_1_1' title='bbox 270 247 353 285; x_wconf 80' lang='lat'>296</span> <span class='ocrx_word' id='word_1_2' title='bbox 601 240 952 292; x_wconf 69' lang='lat' dir='ltr'>INQUISITIO</span> <span class='ocrx_word' id='word_1_3' title='bbox 987 239 1257 284; x_wconf 83' lang='lat' dir='ltr'>PHYSICA</span> <span class='ocrx_word' id='word_1_4' title='bbox 1287 238 1353 280; x_wconf 88' lang='lat' dir='ltr'>IN</span> <span class='ocrx_word' id='word_1_5' title='bbox 1375 236 1642 280; x_wconf 74' lang='lat' dir='ltr'>,CAUSAM</span> 
     </span>
    </p>
   </div>
   <div class='ocr_carea' id='block_1_2' title="bbox 264 349 1968 770">
    <p class='ocr_par' dir='ltr' id='par_1_2' title="bbox 264 349 1968 770">
     <span class='ocr_line' id='line_1_2' title="bbox 265 349 1966 413; baseline -0.004 -16"><span class='ocrx_word' id='word_1_6' title='bbox 265 357 409 413; x_wconf 82' lang='lat' dir='ltr'>regula</span> <span class='ocrx_word' id='word_1_7' title='bbox 428 357 615 411; x_wconf 86' lang='lat' dir='ltr'>superior</span> <span class='ocrx_word' id='word_1_8' title='bbox 634 373 660 398; x_wconf 84' lang='lat' dir='ltr'>a</span> <span class='ocrx_word' id='word_1_9' title='bbox 678 356 870 400; x_wconf 61' lang='lat' dir='ltr'>distantia</span> <span class='ocrx_word' id='word_1_10' title='bbox 903 357 1010 400; x_wconf 85' lang='lat' dir='ltr'>Solis</span> <span class='ocrx_word' id='word_1_11' title='bbox 1030 371 1055 398; x_wconf 85' lang='lat' dir='ltr'>a</span> <span class='ocrx_word' id='word_1_12' title='bbox 1074 354 1303 397; x_wconf 88' lang='lat' dir='ltr'>meridiano</span> <span class='ocrx_word' id='word_1_13' title='bbox 1330 353 1459 408; x_wconf 87' lang='lat' dir='ltr'>petita</span> <span class='ocrx_word' id='word_1_14' title='bbox 1478 352 1599 394; x_wconf 89' lang='lat' dir='ltr'>simul</span> <span class='ocrx_word' id='word_1_15' title='bbox 1618 352 1671 394; x_wconf 86' lang='lat' dir='ltr'>ad</span> <span class='ocrx_word' id='word_1_16' title='bbox 1690 349 1966 393; x_wconf 84' lang='lat' dir='ltr'>differentiam</span> 
     </span>
     <span class='ocr_line' id='line_1_3' title="bbox 266 423 1965 484; baseline -0.003 -15"><span class='ocrx_word' id='word_1_17' title='bbox 266 428 588 470; x_wconf 76' lang='lat' dir='ltr'>asc‘ensionalem</span> <span class='ocrx_word' id='word_1_18' title='bbox 611 430 718 471; x_wconf 90' lang='lat' dir='ltr'>Solis</span> <span class='ocrx_word' id='word_1_19' title='bbox 739 438 780 471; x_wconf 90' lang='lat' dir='ltr'>et</span> <span class='ocrx_word' id='word_1_20' title='bbox 800 430 933 471; x_wconf 85' lang='lat' dir='ltr'>Lunae</span> <span class='ocrx_word' id='word_1_21' title='bbox 953 436 1090 484; x_wconf 89' lang='lat' dir='ltr'>potest</span> <span class='ocrx_word' id='word_1_22' title='bbox 1104 426 1419 476; x_wconf 87' lang='lat' dir='ltr'>accommodari,</span> <span class='ocrx_word' id='word_1_23' title='bbox 1442 426 1499 466; x_wconf 85' lang='lat' dir='ltr'>ita</span> <span class='ocrx_word' id='word_1_24' title='bbox 1513 433 1559 466; x_wconf 89' lang='lat' dir='ltr'>ut</span> <span class='ocrx_word' id='word_1_25' title='bbox 1573 432 1736 466; x_wconf 86' lang='lat' dir='ltr'>maneat</span> <span class='ocrx_word' id='word_1_26' title='bbox 1755 423 1965 465; x_wconf 80' lang='lat' dir='ltr'>invariata.</span> 
     </span>
     <span class='ocr_line' id='line_1_4' title="bbox 269 493 1968 556; baseline -0.004 -15"><span class='ocrx_word' id='word_1_27' title='bbox 269 499 352 541; x_wconf 83' lang='lat' dir='ltr'>Sed</span> <span class='ocrx_word' id='word_1_28' title='bbox 373 499 426 541; x_wconf 82' lang='lat' dir='ltr'>ad</span> <span class='ocrx_word' id='word_1_29' title='bbox 443 514 627 555; x_wconf 77' lang='lat' dir='ltr'>praesens</span> <span class='ocrx_word' id='word_1_30' title='bbox 647 493 890 551; x_wconf 83' lang='lat' dir='ltr'>institutum,</span> <span class='ocrx_word' id='word_1_31' title='bbox 909 515 990 556; x_wconf 94' lang='lat' dir='ltr'>quo</span> <span class='ocrx_word' id='word_1_32' title='bbox 1010 507 1170 540; x_wconf 86' lang='lat' dir='ltr'>tantum</span> <span class='ocrx_word' id='word_1_33' title='bbox 1185 497 1398 539; x_wconf 86' lang='lat' dir='ltr'>veritatem</span> <span class='ocrx_word' id='word_1_34' title='bbox 1414 506 1550 537; x_wconf 87' lang='lat' dir='ltr'>causae</span> <span class='ocrx_word' id='word_1_35' title='bbox 1564 496 1701 537; x_wconf 77' lang='lat' dir='ltr'>fluxfis</span> <span class='ocrx_word' id='word_1_36' title='bbox 1716 510 1764 537; x_wconf 80' lang='lat' dir='ltr'>ac</span> <span class='ocrx_word' id='word_1_37' title='bbox 1785 495 1968 536; x_wconf 67' lang='lat' dir='ltr'>refluxus</span> 
     </span>
     <span class='ocr_line' id='line_1_5' title="bbox 264 566 1966 623; baseline -0.002 -13"><span class='ocrx_word' id='word_1_38' title='bbox 264 569 389 611; x_wconf 81' lang='lat' dir='ltr'>maris</span> <span class='ocrx_word' id='word_1_39' title='bbox 409 570 605 612; x_wconf 83' lang='lat' dir='ltr'>exhibitae</span> <span class='ocrx_word' id='word_1_40' title='bbox 625 571 836 614; x_wconf 86' lang='lat' dir='ltr'>declarare</span> <span class='ocrx_word' id='word_1_41' title='bbox 857 570 1093 620; x_wconf 87' lang='lat' dir='ltr'><strong>annitimur,</strong></span> <span class='ocrx_word' id='word_1_42' title='bbox 1125 583 1211 610; x_wconf 89' lang='lat' dir='ltr'>non</span> <span class='ocrx_word' id='word_1_43' title='bbox 1231 583 1336 623; x_wconf 88' lang='lat' dir='ltr'>opus</span> <span class='ocrx_word' id='word_1_44' title='bbox 1357 575 1419 608; x_wconf 90' lang='lat' dir='ltr'>est</span> <span class='ocrx_word' id='word_1_45' title='bbox 1438 567 1528 607; x_wconf 89' lang='lat' dir='ltr'>haec</span> <span class='ocrx_word' id='word_1_46' title='bbox 1554 566 1741 621; x_wconf 88' lang='lat' dir='ltr'>pluribus</span> <span class='ocrx_word' id='word_1_47' title='bbox 1760 566 1966 622; x_wconf 85' lang='lat' dir='ltr'><strong>persequi,</strong></span> 
     </span>
     <span class='ocr_line' id='line_1_6' title="bbox 265 638 1967 698; baseline -0.002 -15"><span class='ocrx_word' id='word_1_48' title='bbox 265 641 418 696; x_wconf 85' lang='lat' dir='ltr'>quippe</span> <span class='ocrx_word' id='word_1_49' title='bbox 438 656 531 698; x_wconf 87' lang='lat' dir='ltr'>quae</span> <span class='ocrx_word' id='word_1_50' title='bbox 549 642 809 698; x_wconf 88' lang='lat' dir='ltr'>potissimum</span> <span class='ocrx_word' id='word_1_51' title='bbox 828 642 883 684; x_wconf 91' lang='lat' dir='ltr'>ad</span> <span class='ocrx_word' id='word_1_52' title='bbox 904 641 1228 683; x_wconf 85' lang='lat' dir='ltr'>accuratissimas</span> <span class='ocrx_word' id='word_1_53' title='bbox 1248 638 1372 680; x_wconf 73' lang='lat' dir='ltr'>aestfis</span> <span class='ocrx_word' id='word_1_54' title='bbox 1392 638 1540 679; x_wconf 90' lang='lat' dir='ltr'>marini</span> <span class='ocrx_word' id='word_1_55' title='bbox 1559 638 1719 681; x_wconf 87' lang='lat' dir='ltr'>tabulas</span> <span class='ocrx_word' id='word_1_56' title='bbox 1741 645 1967 694; x_wconf 80' lang='lat' dir='ltr'>supputan-</span> 
     </span>
     <span class='ocr_line' id='line_1_7' title="bbox 266 710 1967 770; baseline 0 -18"><span class='ocrx_word' id='word_1_57' title='bbox 266 711 339 753; x_wconf 88' lang='lat' dir='ltr'>das</span> <span class='ocrx_word' id='word_1_58' title='bbox 358 713 578 767; x_wconf 86' lang='lat' dir='ltr'><strong>pertinent,</strong></span> <span class='ocrx_word' id='word_1_59' title='bbox 596 729 689 770; x_wconf 85' lang='lat' dir='ltr'>quae</span> <span class='ocrx_word' id='word_1_60' title='bbox 704 729 769 757; x_wconf 89' lang='lat' dir='ltr'>res</span> <span class='ocrx_word' id='word_1_61' title='bbox 789 715 833 756; x_wconf 89' lang='lat' dir='ltr'>in</span> <span class='ocrx_word' id='word_1_62' title='bbox 851 713 1063 769; x_wconf 69' lang='lat' dir='ltr'>proposita</span> <span class='ocrx_word' id='word_1_63' title='bbox 1081 728 1162 768; x_wconf 62' lang='lat' dir='ltr'>qux</span> <span class='ocrx_word' id='word_1_64' title='bbox 1174 712 1305 753; x_wconf 85' lang='lat' dir='ltr'>stione</span> <span class='ocrx_word' id='word_1_65' title='bbox 1326 710 1611 753; x_wconf 77' lang='lat' dir='ltr'>illustrissimae</span> <span class='ocrx_word' id='word_1_66' title='bbox 1629 710 1866 752; x_wconf 81' lang='lat' dir='ltr'>Academiae</span> <span class='ocrx_word' id='word_1_67' title='bbox 1881 724 1967 752; x_wconf 89' lang='lat' dir='ltr'>non</span> 
     </span>
    </p>
   </div>
   <div class='ocr_carea' id='block_1_3' title="bbox 199 784 662 827">
    <p class='ocr_par' dir='ltr' id='par_1_3' title="bbox 199 784 662 827">
     <span class='ocr_line' id='line_1_8' title="bbox 199 784 662 827; baseline 0.004 -3"><span class='ocrx_word' id='word_1_68' title='bbox 199 813 210 824; x_wconf 84' lang='lat'><em>.</em></span> <span class='ocrx_word' id='word_1_69' title='bbox 268 784 468 826; x_wconf 71' lang='lat' dir='ltr'>confineri</span> <span class='ocrx_word' id='word_1_70' title='bbox 487 785 662 827; x_wconf 86' lang='lat' dir='ltr'>videtur.</span> 
     </span>
    </p>
   </div>
   <div class='ocr_carea' id='block_1_4' title="bbox 991 982 1228 995">
    <p class='ocr_par' dir='ltr' id='par_1_4' title="bbox 991 982 1228 995">
     <span class='ocr_line' id='line_1_9' title="bbox 991 982 1228 995; baseline -0.004 0"><span class='ocrx_word' id='word_1_71' title='bbox 991 982 1228 995; x_wconf 46' lang='lat' dir='ltr'>“mmm</span> 
     </span>
    </p>
   </div>
   <div class='ocr_carea' id='block_1_5' title="bbox 838 1131 1403 1181">
    <p class='ocr_par' dir='ltr' id='par_1_5' title="bbox 838 1131 1403 1181">
     <span class='ocr_line' id='line_1_10' title="bbox 838 1131 1403 1181; baseline -0.002 -1"><span class='ocrx_word' id='word_1_72' title='bbox 838 1132 1070 1181; x_wconf 92' lang='lat' dir='ltr'>CAPUT</span> <span class='ocrx_word' id='word_1_73' title='bbox 1104 1131 1403 1180; x_wconf 88' lang='lat' dir='ltr'>SEXTUM.</span> 
     </span>
    </p>
   </div>
   <div class='ocr_carea' id='block_1_6' title="bbox 422 1279 1817 1343">
    <p class='ocr_par' dir='ltr' id='par_1_6' title="bbox 422 1279 1817 1343">
     <span class='ocr_line' id='line_1_11' title="bbox 422 1279 1817 1343; baseline 0 -18"><span class='ocrx_word' id='word_1_74' title='bbox 422 1279 502 1326; x_wconf 84' lang='lat' dir='ltr'>De</span> <span class='ocrx_word' id='word_1_75' title='bbox 524 1293 631 1326; x_wconf 81' lang='lat' dir='ltr'>vero</span> <span class='ocrx_word' id='word_1_76' title='bbox 654 1286 768 1327; x_wconf 81' lang='lat' dir='ltr'>cestu</span> <span class='ocrx_word' id='word_1_77' title='bbox 791 1280 966 1336; x_wconf 80' lang='lat' dir='ltr'>Maris,</span> <span class='ocrx_word' id='word_1_78' title='bbox 1000 1287 1217 1343; x_wconf 76' lang='lat' dir='ltr'>quatenus</span> <span class='ocrx_word' id='word_1_79' title='bbox 1239 1279 1270 1327; x_wconf 68' lang='lat' dir='ltr'>a*</span> <span class='ocrx_word' id='word_1_80' title='bbox 1295 1281 1458 1328; x_wconf 76' lang='lat' dir='ltr'>Terris</span> <span class='ocrx_word' id='word_1_81' title='bbox 1479 1295 1570 1327; x_wconf 82' lang='lat' dir='ltr'>non</span> <span class='ocrx_word' id='word_1_82' title='bbox 1593 1281 1817 1326; x_wconf 83' lang='lat' dir='ltr'>turbatur.</span> 
     </span>
    </p>
   </div>
   <div class='ocr_carea' id='block_1_7' title="bbox 217 1427 1980 3145">
    <p class='ocr_par' dir='ltr' id='par_1_7' title="bbox 217 1427 1980 3145">
     <span class='ocr_line' id='line_1_12' title="bbox 263 1427 1972 1502; baseline -0.001 -16"><span class='ocrx_word' id='word_1_83' title='bbox 263 1448 293 1498; x_wconf 64' lang='lat'>§0</span> <span class='ocrx_word' id='word_1_84' title='bbox 317 1449 383 1489; x_wconf 88' lang='lat'>71.</span> <span class='ocrx_word' id='word_1_85' title='bbox 408 1427 559 1502; x_wconf 75' lang='lat' dir='ltr'>QUAE</span> <span class='ocrx_word' id='word_1_86' title='bbox 579 1445 779 1487; x_wconf 91' lang='lat' dir='ltr'>hactenus</span> <span class='ocrx_word' id='word_1_87' title='bbox 800 1460 853 1487; x_wconf 85' lang='lat' dir='ltr'>ex</span> <span class='ocrx_word' id='word_1_88' title='bbox 872 1446 1027 1488; x_wconf 87' lang='lat' dir='ltr'>viribus</span> <span class='ocrx_word' id='word_1_89' title='bbox 1051 1446 1159 1489; x_wconf 88' lang='lat' dir='ltr'>Solis</span> <span class='ocrx_word' id='word_1_90' title='bbox 1180 1461 1228 1487; x_wconf 85' lang='lat' dir='ltr'>ac</span> <span class='ocrx_word' id='word_1_91' title='bbox 1250 1446 1384 1488; x_wconf 90' lang='lat' dir='ltr'>Lunae</span> <span class='ocrx_word' id='word_1_92' title='bbox 1403 1445 1513 1487; x_wconf 90' lang='lat' dir='ltr'>circa</span> <span class='ocrx_word' id='word_1_93' title='bbox 1532 1452 1679 1486; x_wconf 87' lang='lat' dir='ltr'>aestum</span> <span class='ocrx_word' id='word_1_94' title='bbox 1699 1443 1824 1485; x_wconf 87' lang='lat' dir='ltr'>maris</span> <span class='ocrx_word' id='word_1_95' title='bbox 1842 1439 1972 1484; x_wconf 72' lang='lat' dir='ltr'>fusilis</span> 
     </span>
     <span class='ocr_line' id='line_1_13' title="bbox 262 1504 1974 1572; baseline -0.002 -16"><span class='ocrx_word' id='word_1_96' title='bbox 262 1514 525 1567; x_wconf 86' lang='lat' dir='ltr'>deduximus,</span> <span class='ocrx_word' id='word_1_97' title='bbox 549 1514 596 1557; x_wconf 68' lang='lat' dir='ltr'>efi</span> <span class='ocrx_word' id='word_1_98' title='bbox 617 1515 837 1572; x_wconf 83' lang='lat' dir='ltr'>hypothesi</span> <span class='ocrx_word' id='word_1_99' title='bbox 857 1516 1056 1567; x_wconf 87' lang='lat' dir='ltr'>nituntur,</span> <span class='ocrx_word' id='word_1_100' title='bbox 1079 1504 1272 1566; x_wconf 68' lang='lat' dir='ltr'>assumta,</span> <span class='ocrx_word' id='word_1_101' title='bbox 1305 1531 1387 1572; x_wconf 87' lang='lat' dir='ltr'>qua</span> <span class='ocrx_word' id='word_1_102' title='bbox 1412 1530 1560 1571; x_wconf 88' lang='lat' dir='ltr'>aquam</span> <span class='ocrx_word' id='word_1_103' title='bbox 1581 1515 1740 1555; x_wconf 88' lang='lat' dir='ltr'>inertiae</span> <span class='ocrx_word' id='word_1_104' title='bbox 1761 1521 1974 1569; x_wconf 83' lang='lat' dir='ltr'>expertem</span> 
     </span>
     <span class='ocr_line' id='line_1_14' title="bbox 260 1583 1974 1643; baseline -0.001 -16"><span class='ocrx_word' id='word_1_105' title='bbox 260 1586 499 1640; x_wconf 90' lang='lat' dir='ltr'>posuimus:</span> <span class='ocrx_word' id='word_1_106' title='bbox 532 1587 802 1643; x_wconf 88' lang='lat' dir='ltr'>quamobrem</span> <span class='ocrx_word' id='word_1_107' title='bbox 830 1602 916 1628; x_wconf 92' lang='lat' dir='ltr'>non</span> <span class='ocrx_word' id='word_1_108' title='bbox 946 1596 1009 1629; x_wconf 87' lang='lat' dir='ltr'>est</span> <span class='ocrx_word' id='word_1_109' title='bbox 1037 1588 1274 1629; x_wconf 87' lang='lat' dir='ltr'>mirandum</span> <span class='ocrx_word' id='word_1_110' title='bbox 1303 1587 1338 1628; x_wconf 92' lang='lat' dir='ltr'>si</span> <span class='ocrx_word' id='word_1_111' title='bbox 1365 1586 1553 1643; x_wconf 85' lang='lat' dir='ltr'>plerique</span> <span class='ocrx_word' id='word_1_112' title='bbox 1583 1586 1751 1627; x_wconf 86' lang='lat' dir='ltr'>effectus</span> <span class='ocrx_word' id='word_1_113' title='bbox 1778 1583 1974 1642; x_wconf 76' lang='lat' dir='ltr'>assignati</span> 
     </span>
     <span class='ocr_line' id='line_1_15' title="bbox 262 1652 1975 1715; baseline -0.001 -18"><span class='ocrx_word' id='word_1_114' title='bbox 262 1671 356 1698; x_wconf 88' lang='lat' dir='ltr'>cum</span> <span class='ocrx_word' id='word_1_115' title='bbox 375 1657 661 1713; x_wconf 89' lang='lat' dir='ltr'>phaenomenis</span> <span class='ocrx_word' id='word_1_116' title='bbox 681 1656 816 1699; x_wconf 57' lang='lat' dir='ltr'>mimis</span> <span class='ocrx_word' id='word_1_117' title='bbox 838 1666 1081 1715; x_wconf 87' lang='lat' dir='ltr'>congruant,</span> <span class='ocrx_word' id='word_1_118' title='bbox 1113 1667 1237 1714; x_wconf 89' lang='lat' dir='ltr'>atque</span> <span class='ocrx_word' id='word_1_119' title='bbox 1257 1658 1362 1699; x_wconf 84' lang='lat' dir='ltr'>adeo</span> <span class='ocrx_word' id='word_1_120' title='bbox 1381 1672 1569 1714; x_wconf 87' lang='lat' dir='ltr'>pugnare</span> <span class='ocrx_word' id='word_1_121' title='bbox 1589 1656 1807 1697; x_wconf 90' lang='lat' dir='ltr'>videantur</span> <span class='ocrx_word' id='word_1_122' title='bbox 1818 1670 1830 1705; x_wconf 86' lang='lat'><em>3</em></span> <span class='ocrx_word' id='word_1_123' title='bbox 1861 1652 1975 1711; x_wconf 72' lang='lat' dir='ltr'>quod</span> 
     </span>
     <span class='ocr_line' id='line_1_16' title="bbox 262 1729 1975 1784; baseline -0.001 -15"><span class='ocrx_word' id='word_1_124' title='bbox 262 1729 297 1769; x_wconf 92' lang='lat' dir='ltr'>si</span> <span class='ocrx_word' id='word_1_125' title='bbox 317 1730 427 1770; x_wconf 90' lang='lat' dir='ltr'>enim</span> <span class='ocrx_word' id='word_1_126' title='bbox 453 1730 562 1770; x_wconf 89' lang='lat' dir='ltr'>inter</span> <span class='ocrx_word' id='word_1_127' title='bbox 582 1745 626 1771; x_wconf 89' lang='lat' dir='ltr'>se</span> <span class='ocrx_word' id='word_1_128' title='bbox 654 1744 824 1784; x_wconf 90' lang='lat' dir='ltr'>prorsus</span> <span class='ocrx_word' id='word_1_129' title='bbox 845 1731 1123 1781; x_wconf 87' lang='lat' dir='ltr'>convenirent,</span> <span class='ocrx_word' id='word_1_130' title='bbox 1156 1731 1315 1772; x_wconf 89' lang='lat' dir='ltr'>theoria</span> <span class='ocrx_word' id='word_1_131' title='bbox 1335 1746 1422 1772; x_wconf 89' lang='lat' dir='ltr'>non</span> <span class='ocrx_word' id='word_1_132' title='bbox 1442 1729 1573 1771; x_wconf 77' lang='lat' dir='ltr'>solum</span> <span class='ocrx_word' id='word_1_133' title='bbox 1596 1744 1679 1770; x_wconf 92' lang='lat' dir='ltr'>non</span> <span class='ocrx_word' id='word_1_134' title='bbox 1701 1744 1750 1769; x_wconf 90' lang='lat' dir='ltr'>eo</span> <span class='ocrx_word' id='word_1_135' title='bbox 1771 1741 1975 1769; x_wconf 91' lang='lat' dir='ltr'>consensu</span> 
     </span>
     <span class='ocr_line' id='line_1_17' title="bbox 262 1799 1975 1858; baseline -0.002 -16"><span class='ocrx_word' id='word_1_136' title='bbox 262 1801 588 1852; x_wconf 87' lang='lat' dir='ltr'>confirmaretur,</span> <span class='ocrx_word' id='word_1_137' title='bbox 612 1802 685 1843; x_wconf 90' lang='lat' dir='ltr'>sed</span> <span class='ocrx_word' id='word_1_138' title='bbox 705 1801 844 1857; x_wconf 76' lang='lat' dir='ltr'>potius</span> <span class='ocrx_word' id='word_1_139' title='bbox 865 1803 1034 1844; x_wconf 91' lang='lat' dir='ltr'>omnino</span> <span class='ocrx_word' id='word_1_140' title='bbox 1050 1803 1367 1852; x_wconf 84' lang='lat' dir='ltr'>subverteretur,</span> <span class='ocrx_word' id='word_1_141' title='bbox 1391 1801 1488 1843; x_wconf 74' lang='lat' dir='ltr'>cum</span> <span class='ocrx_word' id='word_1_142' title='bbox 1505 1801 1675 1858; x_wconf 91' lang='lat' dir='ltr'>quilibet</span> <span class='ocrx_word' id='word_1_143' title='bbox 1690 1799 1807 1841; x_wconf 78' lang='lat' dir='ltr'>facile</span> <span class='ocrx_word' id='word_1_144' title='bbox 1824 1813 1975 1856; x_wconf 87' lang='lat' dir='ltr'>agnos-</span> 
     </span>
     <span class='ocr_line' id='line_1_18' title="bbox 262 1871 1971 1934; baseline -0.001 -22"><span class='ocrx_word' id='word_1_145' title='bbox 262 1878 327 1912; x_wconf 90' lang='lat' dir='ltr'>cat</span> <span class='ocrx_word' id='word_1_146' title='bbox 355 1873 410 1913; x_wconf 93' lang='lat' dir='ltr'>ob</span> <span class='ocrx_word' id='word_1_147' title='bbox 440 1887 558 1928; x_wconf 87' lang='lat' dir='ltr'>aquae</span> <span class='ocrx_word' id='word_1_148' title='bbox 588 1873 776 1913; x_wconf 87' lang='lat' dir='ltr'>inertiam</span> <span class='ocrx_word' id='word_1_149' title='bbox 806 1873 1214 1915; x_wconf 87' lang='lat' dir='ltr'>determinationibus</span> <span class='ocrx_word' id='word_1_150' title='bbox 1244 1873 1438 1915; x_wconf 85' lang='lat' dir='ltr'>exhibitis</span> <span class='ocrx_word' id='word_1_151' title='bbox 1468 1873 1680 1929; x_wconf 87' lang='lat' dir='ltr'>ingentem</span> <span class='ocrx_word' id='word_1_152' title='bbox 1699 1871 1971 1934; x_wconf 78' lang='lat' dir='ltr'>mutationem</span> 
     </span>
     <span class='ocr_line' id='line_1_19' title="bbox 261 1942 1969 1998; baseline -0.001 -14"><span class='ocrx_word' id='word_1_153' title='bbox 261 1943 403 1984; x_wconf 69' lang='lat' dir='ltr'>inferri</span> <span class='ocrx_word' id='word_1_154' title='bbox 423 1944 586 1985; x_wconf 90' lang='lat' dir='ltr'>debere.</span> <span class='ocrx_word' id='word_1_155' title='bbox 648 1944 757 1993; x_wconf 83' lang='lat' dir='ltr'>Quae</span> <span class='ocrx_word' id='word_1_156' title='bbox 777 1952 913 1985; x_wconf 88' lang='lat' dir='ltr'>autem</span> <span class='ocrx_word' id='word_1_157' title='bbox 934 1960 987 1986; x_wconf 87' lang='lat' dir='ltr'>ex</span> <span class='ocrx_word' id='word_1_158' title='bbox 1007 1945 1194 1986; x_wconf 90' lang='lat' dir='ltr'>deductis</span> <span class='ocrx_word' id='word_1_159' title='bbox 1215 1943 1548 1998; x_wconf 85' lang='lat' dir='ltr'>conclusionibus</span> <span class='ocrx_word' id='word_1_160' title='bbox 1568 1942 1748 1984; x_wconf 76' lang='lat' dir='ltr'>maxime</span> <span class='ocrx_word' id='word_1_161' title='bbox 1768 1942 1821 1983; x_wconf 90' lang='lat' dir='ltr'>ab</span> <span class='ocrx_word' id='word_1_162' title='bbox 1841 1956 1969 1997; x_wconf 86' lang='lat' dir='ltr'>expe-</span> 
     </span>
     <span class='ocr_line' id='line_1_20' title="bbox 262 2011 1974 2071; baseline 0 -17"><span class='ocrx_word' id='word_1_163' title='bbox 262 2012 408 2055; x_wconf 65' lang='lat' dir='ltr'>rientia</span> <span class='ocrx_word' id='word_1_164' title='bbox 438 2014 699 2064; x_wconf 85' lang='lat' dir='ltr'>dissentiunt,</span> <span class='ocrx_word' id='word_1_165' title='bbox 733 2015 992 2069; x_wconf 87' lang='lat' dir='ltr'>potissimum</span> <span class='ocrx_word' id='word_1_166' title='bbox 1012 2015 1283 2071; x_wconf 84' lang='lat' dir='ltr'>quantitatem</span> <span class='ocrx_word' id='word_1_167' title='bbox 1304 2015 1541 2057; x_wconf 87' lang='lat' dir='ltr'>elevationis</span> <span class='ocrx_word' id='word_1_168' title='bbox 1563 2029 1682 2070; x_wconf 87' lang='lat' dir='ltr'>aquae</span> <span class='ocrx_word' id='word_1_169' title='bbox 1702 2028 1750 2055; x_wconf 88' lang='lat' dir='ltr'>ac</span> <span class='ocrx_word' id='word_1_170' title='bbox 1776 2011 1974 2068; x_wconf 81' lang='lat' dir='ltr'>temporis</span> 
     </span>
     <span class='ocr_line' id='line_1_21' title="bbox 262 2085 1976 2144; baseline -0.001 -17"><span class='ocrx_word' id='word_1_171' title='bbox 262 2095 533 2138; x_wconf 88' lang='lat' dir='ltr'>momentum,</span> <span class='ocrx_word' id='word_1_172' title='bbox 566 2103 648 2144; x_wconf 93' lang='lat' dir='ltr'>quo</span> <span class='ocrx_word' id='word_1_173' title='bbox 677 2096 764 2129; x_wconf 89' lang='lat' dir='ltr'>tam</span> <span class='ocrx_word' id='word_1_174' title='bbox 793 2103 954 2129; x_wconf 89' lang='lat' dir='ltr'>summa</span> <span class='ocrx_word' id='word_1_175' title='bbox 981 2089 1106 2130; x_wconf 90' lang='lat' dir='ltr'>maris</span> <span class='ocrx_word' id='word_1_176' title='bbox 1134 2088 1307 2130; x_wconf 89' lang='lat' dir='ltr'>elevatio</span> <span class='ocrx_word' id='word_1_177' title='bbox 1328 2086 1453 2144; x_wconf 69' lang='lat' dir='ltr'>quam</span> <span class='ocrx_word' id='word_1_178' title='bbox 1482 2087 1565 2127; x_wconf 89' lang='lat' dir='ltr'>ima</span> <span class='ocrx_word' id='word_1_179' title='bbox 1585 2085 1795 2140; x_wconf 89' lang='lat' dir='ltr'>depressio</span> <span class='ocrx_word' id='word_1_180' title='bbox 1815 2085 1976 2126; x_wconf 89' lang='lat' dir='ltr'>contin-</span> 
     </span>
     <span class='ocr_line' id='line_1_22' title="bbox 262 2157 1975 2216; baseline -0.001 -17"><span class='ocrx_word' id='word_1_181' title='bbox 262 2173 360 2214; x_wconf 89' lang='lat' dir='ltr'>gere</span> <span class='ocrx_word' id='word_1_182' title='bbox 394 2158 509 2209; x_wconf 88' lang='lat' dir='ltr'>solet,</span> <span class='ocrx_word' id='word_1_183' title='bbox 546 2159 782 2215; x_wconf 87' lang='lat' dir='ltr'>respiciunt.</span> <span class='ocrx_word' id='word_1_184' title='bbox 843 2159 1061 2216; x_wconf 88' lang='lat' dir='ltr'>Nusquam</span> <span class='ocrx_word' id='word_1_185' title='bbox 1096 2160 1208 2201; x_wconf 90' lang='lat' dir='ltr'>enim</span> <span class='ocrx_word' id='word_1_186' title='bbox 1241 2159 1313 2201; x_wconf 92' lang='lat' dir='ltr'>ubi</span> <span class='ocrx_word' id='word_1_187' title='bbox 1350 2159 1519 2216; x_wconf 91' lang='lat' dir='ltr'>quidem</span> <span class='ocrx_word' id='word_1_188' title='bbox 1553 2173 1668 2199; x_wconf 88' lang='lat' dir='ltr'>mare</span> <span class='ocrx_word' id='word_1_189' title='bbox 1703 2165 1765 2199; x_wconf 91' lang='lat' dir='ltr'>est</span> <span class='ocrx_word' id='word_1_190' title='bbox 1798 2157 1975 2198; x_wconf 86' lang='lat' dir='ltr'>liberum</span> 
     </span>
     <span class='ocr_line' id='line_1_23' title="bbox 263 2229 1976 2287; baseline -0.001 -17"><span class='ocrx_word' id='word_1_191' title='bbox 263 2237 385 2285; x_wconf 84' lang='lat' dir='ltr'>atque</span> <span class='ocrx_word' id='word_1_192' title='bbox 407 2237 608 2284; x_wconf 89' lang='lat' dir='ltr'>apertum,</span> <span class='ocrx_word' id='word_1_193' title='bbox 632 2238 716 2271; x_wconf 92' lang='lat' dir='ltr'>tam</span> <span class='ocrx_word' id='word_1_194' title='bbox 736 2231 933 2287; x_wconf 88' lang='lat' dir='ltr'>exiguum</span> <span class='ocrx_word' id='word_1_195' title='bbox 953 2230 1174 2273; x_wconf 89' lang='lat' dir='ltr'>discrimen</span> <span class='ocrx_word' id='word_1_196' title='bbox 1193 2232 1301 2273; x_wconf 90' lang='lat' dir='ltr'>inter</span> <span class='ocrx_word' id='word_1_197' title='bbox 1319 2231 1480 2271; x_wconf 88' lang='lat' dir='ltr'>fluxum</span> <span class='ocrx_word' id='word_1_198' title='bbox 1500 2245 1548 2271; x_wconf 89' lang='lat' dir='ltr'>ac</span> <span class='ocrx_word' id='word_1_199' title='bbox 1567 2229 1773 2270; x_wconf 83' lang='lat' dir='ltr'>refluxum</span> <span class='ocrx_word' id='word_1_200' title='bbox 1793 2229 1837 2269; x_wconf 92' lang='lat' dir='ltr'>in</span> <span class='ocrx_word' id='word_1_201' title='bbox 1857 2243 1976 2285; x_wconf 84' lang='lat' dir='ltr'>aquoe</span> 
     </span>
     <span class='ocr_line' id='line_1_24' title="bbox 263 2301 1976 2359; baseline 0 -17"><span class='ocrx_word' id='word_1_202' title='bbox 263 2302 477 2343; x_wconf 88' lang='lat' dir='ltr'>altitudine</span> <span class='ocrx_word' id='word_1_203' title='bbox 498 2302 752 2353; x_wconf 88' lang='lat' dir='ltr'>observatur,</span> <span class='ocrx_word' id='word_1_204' title='bbox 774 2303 894 2359; x_wconf 88' lang='lat' dir='ltr'>quale</span> <span class='ocrx_word' id='word_1_205' title='bbox 915 2303 957 2344; x_wconf 86' lang='lat' dir='ltr'>in</span> <span class='ocrx_word' id='word_1_206' title='bbox 977 2303 1308 2358; x_wconf 87' lang='lat' dir='ltr'>praecedentibus</span> <span class='ocrx_word' id='word_1_207' title='bbox 1328 2303 1604 2352; x_wconf 68' lang='lat' dir='ltr'>definivimm,</span> <span class='ocrx_word' id='word_1_208' title='bbox 1627 2309 1805 2357; x_wconf 86' lang='lat' dir='ltr'>quatuor</span> <span class='ocrx_word' id='word_1_209' title='bbox 1820 2301 1976 2343; x_wconf 86' lang='lat' dir='ltr'>scilicet</span> 
     </span>
     <span class='ocr_line' id='line_1_25' title="bbox 263 2374 1975 2432; baseline 0.001 -17"><span class='ocrx_word' id='word_1_210' title='bbox 263 2374 419 2429; x_wconf 91' lang='lat' dir='ltr'>pedum</span> <span class='ocrx_word' id='word_1_211' title='bbox 447 2382 630 2425; x_wconf 84' lang='lat' dir='ltr'>tantum3</span> <span class='ocrx_word' id='word_1_212' title='bbox 662 2391 755 2431; x_wconf 87' lang='lat' dir='ltr'>quae</span> <span class='ocrx_word' id='word_1_213' title='bbox 785 2376 958 2418; x_wconf 89' lang='lat' dir='ltr'>elevatio</span> <span class='ocrx_word' id='word_1_214' title='bbox 986 2376 1157 2432; x_wconf 89' lang='lat' dir='ltr'>insuper</span> <span class='ocrx_word' id='word_1_215' title='bbox 1186 2385 1324 2418; x_wconf 88' lang='lat' dir='ltr'>tamen</span> <span class='ocrx_word' id='word_1_216' title='bbox 1343 2376 1525 2418; x_wconf 84' lang='lat' dir='ltr'>maxima</span> <span class='ocrx_word' id='word_1_217' title='bbox 1544 2383 1606 2417; x_wconf 89' lang='lat' dir='ltr'>est</span> <span class='ocrx_word' id='word_1_218' title='bbox 1626 2374 1894 2429; x_wconf 86' lang='lat' dir='ltr'>deprehensa,</span> <span class='ocrx_word' id='word_1_219' title='bbox 1925 2389 1975 2416; x_wconf 88' lang='lat' dir='ltr'>ac</span> 
     </span>
     <span class='ocr_line' id='line_1_26' title="bbox 264 2444 1975 2506; baseline -0.001 -19"><span class='ocrx_word' id='word_1_220' title='bbox 264 2455 354 2488; x_wconf 90' lang='lat' dir='ltr'>tum</span> <span class='ocrx_word' id='word_1_221' title='bbox 384 2446 516 2488; x_wconf 74' lang='lat' dir='ltr'>solum</span> <span class='ocrx_word' id='word_1_222' title='bbox 547 2447 736 2498; x_wconf 90' lang='lat' dir='ltr'>oriunda,</span> <span class='ocrx_word' id='word_1_223' title='bbox 760 2448 926 2504; x_wconf 90' lang='lat' dir='ltr'>quando</span> <span class='ocrx_word' id='word_1_224' title='bbox 954 2456 1043 2489; x_wconf 89' lang='lat' dir='ltr'>tum</span> <span class='ocrx_word' id='word_1_225' title='bbox 1059 2449 1187 2506; x_wconf 53' lang='lat' dir='ltr'>,regio</span> <span class='ocrx_word' id='word_1_226' title='bbox 1207 2464 1339 2504; x_wconf 91' lang='lat' dir='ltr'>prope</span> <span class='ocrx_word' id='word_1_227' title='bbox 1358 2456 1610 2504; x_wconf 88' lang='lat' dir='ltr'>aequatorem</span> <span class='ocrx_word' id='word_1_228' title='bbox 1639 2454 1701 2488; x_wconf 88' lang='lat' dir='ltr'>est</span> <span class='ocrx_word' id='word_1_229' title='bbox 1730 2446 1819 2496; x_wconf 82' lang='lat' dir='ltr'>sita,</span> <span class='ocrx_word' id='word_1_230' title='bbox 1851 2444 1975 2502; x_wconf 66' lang='lat' dir='ltr'>quam</span> 
     </span>
     <span class='ocr_line' id='line_1_27' title="bbox 265 2517 1975 2575; baseline 0.001 -19"><span class='ocrx_word' id='word_1_231' title='bbox 265 2517 374 2557; x_wconf 84' lang='lat' dir='ltr'>vires</span> <span class='ocrx_word' id='word_1_232' title='bbox 397 2517 663 2558; x_wconf 81' lang='lat' dir='ltr'>luminarium</span> <span class='ocrx_word' id='word_1_233' title='bbox 690 2518 798 2559; x_wconf 89' lang='lat' dir='ltr'>inter</span> <span class='ocrx_word' id='word_1_234' title='bbox 818 2534 861 2560; x_wconf 90' lang='lat' dir='ltr'>se</span> <span class='ocrx_word' id='word_1_235' title='bbox 881 2518 1060 2560; x_wconf 74' lang='lat' dir='ltr'>maxime</span> <span class='ocrx_word' id='word_1_236' title='bbox 1081 2520 1330 2575; x_wconf 83' lang='lat' dir='ltr'>conspirant.</span> <span class='ocrx_word' id='word_1_237' title='bbox 1391 2517 1656 2575; x_wconf 67' lang='lat' dir='ltr'>Experientia</span> <span class='ocrx_word' id='word_1_238' title='bbox 1678 2532 1855 2573; x_wconf 84' lang='lat' dir='ltr'>namque</span> <span class='ocrx_word' id='word_1_239' title='bbox 1877 2531 1975 2558; x_wconf 88' lang='lat' dir='ltr'>con-</span> 
     </span>
     <span class='ocr_line' id='line_1_28' title="bbox 268 2584 1975 2650; baseline 0.001 -24"><span class='ocrx_word' id='word_1_240' title='bbox 268 2594 362 2650; x_wconf 70' lang='lat' dir='ltr'>stat,</span> <span class='ocrx_word' id='word_1_241' title='bbox 383 2586 592 2642; x_wconf 89' lang='lat' dir='ltr'>plerisque</span> <span class='ocrx_word' id='word_1_242' title='bbox 612 2587 655 2627; x_wconf 91' lang='lat' dir='ltr'>in</span> <span class='ocrx_word' id='word_1_243' title='bbox 674 2586 786 2638; x_wconf 90' lang='lat' dir='ltr'>locis,</span> <span class='ocrx_word' id='word_1_244' title='bbox 818 2588 852 2628; x_wconf 93' lang='lat' dir='ltr'>si</span> <span class='ocrx_word' id='word_1_245' title='bbox 881 2595 1004 2630; x_wconf 89' lang='lat' dir='ltr'>aestus</span> <span class='ocrx_word' id='word_1_246' title='bbox 1025 2589 1236 2646; x_wconf 88' lang='lat' dir='ltr'>contingat</span> <span class='ocrx_word' id='word_1_247' title='bbox 1255 2589 1471 2638; x_wconf 88' lang='lat' dir='ltr'>maximus,</span> <span class='ocrx_word' id='word_1_248' title='bbox 1494 2603 1643 2643; x_wconf 89' lang='lat' dir='ltr'>aquam</span> <span class='ocrx_word' id='word_1_249' title='bbox 1662 2602 1747 2628; x_wconf 90' lang='lat' dir='ltr'>non</span> <span class='ocrx_word' id='word_1_250' title='bbox 1767 2585 1902 2629; x_wconf 75' lang='lat' dir='ltr'>solum</span> <span class='ocrx_word' id='word_1_251' title='bbox 1921 2584 1975 2628; x_wconf 82' lang='lat' dir='ltr'>ad</span> 
     </span>
     <span class='ocr_line' id='line_1_29' title="bbox 267 2658 1976 2718; baseline 0.001 -19"><span class='ocrx_word' id='word_1_252' title='bbox 267 2658 526 2701; x_wconf 85' lang='lat' dir='ltr'>altitudinem</span> <span class='ocrx_word' id='word_1_253' title='bbox 542 2660 670 2716; x_wconf 94' lang='lat' dir='ltr'>duplo</span> <span class='ocrx_word' id='word_1_254' title='bbox 690 2661 901 2716; x_wconf 88' lang='lat' dir='ltr'>majorem,</span> <span class='ocrx_word' id='word_1_255' title='bbox 924 2661 994 2703; x_wconf 90' lang='lat' dir='ltr'>sed</span> <span class='ocrx_word' id='word_1_256' title='bbox 1017 2662 1140 2703; x_wconf 86' lang='lat' dir='ltr'>etiam</span> <span class='ocrx_word' id='word_1_257' title='bbox 1161 2662 1446 2718; x_wconf 85' lang='lat' dir='ltr'>quadruplam,</span> <span class='ocrx_word' id='word_1_258' title='bbox 1477 2659 1561 2701; x_wconf 74' lang='lat' dir='ltr'>imo</span> <span class='ocrx_word' id='word_1_259' title='bbox 1581 2659 1791 2700; x_wconf 90' lang='lat' dir='ltr'>nonnullis</span> <span class='ocrx_word' id='word_1_260' title='bbox 1810 2659 1855 2700; x_wconf 91' lang='lat' dir='ltr'>in</span> <span class='ocrx_word' id='word_1_261' title='bbox 1873 2658 1976 2700; x_wconf 83' lang='lat' dir='ltr'>locis</span> 
     </span>
     <span class='ocr_line' id='line_1_30' title="bbox 268 2729 1976 2788; baseline 0.001 -18"><span class='ocrx_word' id='word_1_262' title='bbox 268 2729 371 2771; x_wconf 88' lang='lat' dir='ltr'>adeo</span> <span class='ocrx_word' id='word_1_263' title='bbox 401 2730 619 2786; x_wconf 90' lang='lat' dir='ltr'>decuplam</span> <span class='ocrx_word' id='word_1_264' title='bbox 648 2731 804 2782; x_wconf 84' lang='lat' dir='ltr'>attolli3</span> <span class='ocrx_word' id='word_1_265' title='bbox 838 2747 1071 2788; x_wconf 84' lang='lat' dir='ltr'>quanquam</span> <span class='ocrx_word' id='word_1_266' title='bbox 1102 2733 1192 2774; x_wconf 87' lang='lat' dir='ltr'>haec</span> <span class='ocrx_word' id='word_1_267' title='bbox 1223 2733 1399 2774; x_wconf 88' lang='lat' dir='ltr'>enormis</span> <span class='ocrx_word' id='word_1_268' title='bbox 1421 2731 1592 2773; x_wconf 86' lang='lat' dir='ltr'>elevatio</span> <span class='ocrx_word' id='word_1_269' title='bbox 1611 2746 1696 2773; x_wconf 93' lang='lat' dir='ltr'>non</span> <span class='ocrx_word' id='word_1_270' title='bbox 1717 2731 1794 2772; x_wconf 92' lang='lat' dir='ltr'>soli</span> <span class='ocrx_word' id='word_1_271' title='bbox 1816 2730 1976 2772; x_wconf 84' lang='lat' dir='ltr'>inertiae</span> 
     </span>
     <span class='ocr_line' id='line_1_31' title="bbox 268 2801 1977 2857; baseline 0.002 -16"><span class='ocrx_word' id='word_1_272' title='bbox 268 2815 399 2856; x_wconf 87' lang='lat' dir='ltr'>aquae,</span> <span class='ocrx_word' id='word_1_273' title='bbox 432 2801 505 2842; x_wconf 88' lang='lat' dir='ltr'>sed</span> <span class='ocrx_word' id='word_1_274' title='bbox 535 2801 760 2842; x_wconf 87' lang='lat' dir='ltr'>maximam</span> <span class='ocrx_word' id='word_1_275' title='bbox 789 2811 951 2857; x_wconf 86' lang='lat' dir='ltr'>partem</span> <span class='ocrx_word' id='word_1_276' title='bbox 971 2803 1105 2844; x_wconf 91' lang='lat' dir='ltr'>vicino</span> <span class='ocrx_word' id='word_1_277' title='bbox 1126 2804 1352 2845; x_wconf 90' lang='lat' dir='ltr'>continenti</span> <span class='ocrx_word' id='word_1_278' title='bbox 1378 2818 1426 2844; x_wconf 88' lang='lat' dir='ltr'>ac</span> <span class='ocrx_word' id='word_1_279' title='bbox 1444 2803 1630 2844; x_wconf 88' lang='lat' dir='ltr'>littorum</span> <span class='ocrx_word' id='word_1_280' title='bbox 1651 2803 1746 2844; x_wconf 92' lang='lat' dir='ltr'>situi</span> <span class='ocrx_word' id='word_1_281' title='bbox 1766 2810 1827 2844; x_wconf 87' lang='lat' dir='ltr'>est</span> <span class='ocrx_word' id='word_1_282' title='bbox 1845 2801 1977 2844; x_wconf 80' lang='lat' dir='ltr'>tribu-</span> 
     </span>
     <span class='ocr_line' id='line_1_32' title="bbox 217 2870 1976 2929; baseline 0.002 -18"><span class='ocrx_word' id='word_1_283' title='bbox 217 2875 222 2885; x_wconf 72' lang='lat'><em>¹</em></span> <span class='ocrx_word' id='word_1_284' title='bbox 269 2870 388 2920; x_wconf 87' lang='lat' dir='ltr'>enda,</span> <span class='ocrx_word' id='word_1_285' title='bbox 425 2872 485 2913; x_wconf 93' lang='lat' dir='ltr'>uti</span> <span class='ocrx_word' id='word_1_286' title='bbox 519 2873 562 2912; x_wconf 92' lang='lat' dir='ltr'>in</span> <span class='ocrx_word' id='word_1_287' title='bbox 599 2873 787 2929; x_wconf 89' lang='lat' dir='ltr'>sequenti</span> <span class='ocrx_word' id='word_1_288' title='bbox 824 2874 971 2928; x_wconf 88' lang='lat' dir='ltr'>Capite</span> <span class='ocrx_word' id='word_1_289' title='bbox 1005 2874 1228 2916; x_wconf 78' lang='lat' dir='ltr'>clarissime</span> <span class='ocrx_word' id='word_1_290' title='bbox 1263 2875 1572 2916; x_wconf 84' lang='lat' dir='ltr'>monstrabitur.</span> <span class='ocrx_word' id='word_1_291' title='bbox 1646 2873 1813 2916; x_wconf 90' lang='lat' dir='ltr'>Deinde</span> <span class='ocrx_word' id='word_1_292' title='bbox 1852 2872 1976 2915; x_wconf 79' lang='lat' dir='ltr'>etiam</span> 
     </span>
     <span class='ocr_line' id='line_1_33' title="bbox 271 2944 1975 3004; baseline 0.001 -19"><span class='ocrx_word' id='word_1_293' title='bbox 271 2944 384 3000; x_wconf 93' lang='lat' dir='ltr'>quod</span> <span class='ocrx_word' id='word_1_294' title='bbox 403 2945 455 2986; x_wconf 87' lang='lat' dir='ltr'>ad</span> <span class='ocrx_word' id='word_1_295' title='bbox 476 2954 639 3001; x_wconf 89' lang='lat' dir='ltr'>tempus</span> <span class='ocrx_word' id='word_1_296' title='bbox 660 2947 817 2997; x_wconf 89' lang='lat' dir='ltr'>attinet,</span> <span class='ocrx_word' id='word_1_297' title='bbox 849 2962 1056 3003; x_wconf 88' lang='lat' dir='ltr'>nusquam</span> <span class='ocrx_word' id='word_1_298' title='bbox 1078 2947 1157 2988; x_wconf 88' lang='lat' dir='ltr'>illis</span> <span class='ocrx_word' id='word_1_299' title='bbox 1183 2948 1281 3003; x_wconf 90' lang='lat' dir='ltr'>ipsis</span> <span class='ocrx_word' id='word_1_300' title='bbox 1302 2948 1532 2998; x_wconf 88' lang='lat' dir='ltr'>momentis,</span> <span class='ocrx_word' id='word_1_301' title='bbox 1556 2962 1648 3004; x_wconf 83' lang='lat' dir='ltr'>quoe</span> <span class='ocrx_word' id='word_1_302' title='bbox 1668 2947 1975 3003; x_wconf 83' lang='lat' dir='ltr'>assignavimus,</span> 
     </span>
     <span class='ocr_line' id='line_1_34' title="bbox 269 3016 1980 3075; baseline 0.001 -18"><span class='ocrx_word' id='word_1_303' title='bbox 269 3016 408 3057; x_wconf 84' lang='lat' dir='ltr'>fluxus</span> <span class='ocrx_word' id='word_1_304' title='bbox 429 3031 477 3057; x_wconf 92' lang='lat' dir='ltr'>ac</span> <span class='ocrx_word' id='word_1_305' title='bbox 497 3018 679 3059; x_wconf 86' lang='lat' dir='ltr'>refluxus</span> <span class='ocrx_word' id='word_1_306' title='bbox 701 3034 885 3074; x_wconf 88' lang='lat' dir='ltr'>unquam</span> <span class='ocrx_word' id='word_1_307' title='bbox 918 3019 1174 3075; x_wconf 87' lang='lat' dir='ltr'>contingunt,</span> <span class='ocrx_word' id='word_1_308' title='bbox 1209 3034 1285 3060; x_wconf 87' lang='lat' dir='ltr'>nec</span> <span class='ocrx_word' id='word_1_309' title='bbox 1316 3020 1438 3061; x_wconf 89' lang='lat' dir='ltr'>etiam</span> <span class='ocrx_word' id='word_1_310' title='bbox 1458 3018 1767 3075; x_wconf 85' lang='lat' dir='ltr'>tempestatibus</span> <span class='ocrx_word' id='word_1_311' title='bbox 1785 3016 1857 3059; x_wconf 76' lang='lat' dir='ltr'>hic</span> <span class='ocrx_word' id='word_1_312' title='bbox 1875 3016 1980 3061; x_wconf 85' lang='lat' dir='ltr'>defi-</span> 
     </span>
     <span class='ocr_line' id='line_1_35' title="bbox 271 3086 1980 3145; baseline 0.001 -18"><span class='ocrx_word' id='word_1_313' title='bbox 271 3086 366 3128; x_wconf 89' lang='lat' dir='ltr'>nitis</span> <span class='ocrx_word' id='word_1_314' title='bbox 396 3087 533 3129; x_wconf 85' lang='lat' dir='ltr'>fluxus</span> <span class='ocrx_word' id='word_1_315' title='bbox 565 3089 735 3129; x_wconf 87' lang='lat' dir='ltr'>maximi</span> <span class='ocrx_word' id='word_1_316' title='bbox 768 3090 831 3130; x_wconf 90' lang='lat' dir='ltr'>vel</span> <span class='ocrx_word' id='word_1_317' title='bbox 867 3088 1038 3138; x_wconf 83' lang='lat' dir='ltr'>minimi,</span> <span class='ocrx_word' id='word_1_318' title='bbox 1078 3089 1150 3130; x_wconf 83' lang='lat' dir='ltr'>sed</span> <span class='ocrx_word' id='word_1_319' title='bbox 1182 3090 1335 3145; x_wconf 81' lang='lat' dir='ltr'>ubique</span> <span class='ocrx_word' id='word_1_320' title='bbox 1364 3089 1520 3132; x_wconf 72' lang='lat' dir='ltr'>tardius</span> <span class='ocrx_word' id='word_1_321' title='bbox 1552 3089 1715 3131; x_wconf 87' lang='lat' dir='ltr'>evenire</span> <span class='ocrx_word' id='word_1_322' title='bbox 1745 3093 1980 3130; x_wconf 80' lang='lat' dir='ltr'>constanter</span> 
     </span>
    </p>
   </div>
  </div>
 </body>
</html>
