2092 3470
236 232 288 277 78

630 215 1080 277 PHILOSOPHIAE
1111 226 1473 270 NATURALIS
1517 227 1612 280 [Di-3
1629 227 1792 270 Mum>-
1811 229 1944 281 Srsng

572 433 949 478 PROPOSITIO
980 434 1086 475 XX.
1148 399 1492 478 PROBLEMA
1522 437 1599 479 IV.

236 557 424 600 Invenire
442 564 482 600 et
501 560 607 600 inter
625 572 666 599 se
686 571 917 610 comparare
928 558 1114 610 pondera
1134 571 1337 612 corporum
1357 560 1402 600 in
1427 559 1565 600 Terra?
1583 559 1697 615 hzgjus
1714 561 1940 616 regionibus

998 630 1177 672 diversis.

293 753 343 808 (²)
373 752 583 802 Quoniam
612 752 799 807 pondera
827 752 1092 808 inaequalium
1122 767 1290 794 crurum
1321 755 1474 796 canalis
1504 769 1647 811 aqueoe
1668 756 1709 797 A
1727 756 1764 798 C
1781 756 1824 806 Q
1839 772 1867 813 q
1881 771 1941 798 ca

233 823 408 880 aequalia
428 831 545 874 sunt3
567 831 609 864 et
627 823 813 878 pondera
831 822 1025 877 partium,
1048 823 1237 866 cruribus
1257 825 1353 866 totis
1373 827 1748 881 proportionalium
1767 835 1810 869 et
1829 828 1948 870 simi-v

234 896 328 939 liter
339 897 383 938 in
399 897 493 938 totis
510 896 693 947 sitarum,
710 904 806 937 sunt
819 895 873 937 ad
886 895 1061 937 invicem
1076 904 1122 937 ut
1136 911 1242 951 pon-

235 968 336 1010 dera
354 976 549 1019 totorum,
572 968 748 1024 ideoque
768 967 891 1008 etiam
906 975 1123 1023 aequantur
1141 967 1249 1009 inter

235 1055 303 1090 se3
334 1047 457 1082 erunt
482 1039 670 1094 pondera
696 1038 918 1095 aequalium
938 1039 1041 1080 etin
1062 1039 1248 1080 cruribus

237 1110 425 1151 similiter
446 1110 617 1151 sitarum
635 1109 816 1164 partium
829 1108 1038 1163 reciproce
1052 1116 1099 1150 ut
1114 1124 1248 1160 (παῖε,

233 1182 277 1223 id
298 1191 371 1233 est,
395 1180 605 1236 reciproce
626 1188 672 1221 ut
692 1186 776 1222 230
797 1180 851 1221 ad
872 1185 968 1222 229.
1021 1180 1077 1221 Et
1095 1195 1172 1236 par
1191 1190 1252 1222 est

1588 940 1682 974 ,Aa

234 1255 339 1295 ratio
367 1254 721 1310 homogeneorum
747 1260 788 1293 et
814 1251 1034 1307 aequalium
1054 1267 1251 1307 quoruma
1585 1242 1618 1279 C

234 1327 294 1368 vis
321 1334 364 1367 et
389 1326 434 1367 in
464 1324 616 1366 canalis
648 1323 837 1364 cruribus
864 1322 1051 1364 similiter
1081 1324 1253 1365 sitorum

234 1412 468 1453 corporum.
532 1395 702 1437 Horum
721 1394 909 1450 pondera
929 1402 1026 1434 sunt
1044 1395 1254 1450 reciproce

234 1477 280 1510 ut
309 1483 442 1518 crura,
474 1467 519 1508 id
538 1473 613 1516 est,
640 1464 851 1520 reciproce
872 1472 918 1505 ut
938 1464 1142 1507 distantiae
1163 1480 1254 1507 cor-

232 1554 382 1595 porum
402 1555 427 1581 a
446 1546 589 1580 centro
606 1539 766 1579 Terrae.
819 1535 1001 1578 Proinde
1017 1537 1052 1577 si
1072 1552 1247 1592 corpora

234 1610 276 1651 in
299 1610 503 1665 supremis
525 1609 728 1650 canalium
755 1607 956 1662 partibus,
982 1607 1066 1648 sive
1086 1608 1130 1648 in
1151 1610 1368 1664 superficie
1389 1610 1535 1652 Terrae
1557 1610 1793 1661 consistant,
1826 1618 1948 1652 erunt

233 1681 420 1736 pondera
449 1695 594 1722 eorum
623 1679 677 1720 ad
706 1679 885 1720 invicem
914 1678 1127 1733 reciproce
1157 1689 1203 1722 ut
1232 1681 1438 1724 distantiae
1468 1697 1611 1724 eorum
1632 1699 1657 1724 a
1675 1691 1829 1724 centro.

235 1802 388 1834 industria
412 1801 627 1836 determinabit
651 1799 881 1842 generalissime
907 1800 1069 1832 meridiani

234 1845 365 1886 figuram
377 1856 413 1876 ex
426 1845 571 1885 genuinis
585 1843 795 1875 Newtonianis
810 1843 982 1882 Principiis,
996 1844 1068 1874 nul-

234 1887 266 1918 la
287 1887 506 1927 praesuppositst
527 1887 566 1918 ad
588 1887 748 1922 circulum,
772 1886 914 1924 ellipsim,
937 1885 1067 1916 aliamve

233 1940 358 1960 curvam
380 1930 538 1967 affinitate,
561 1930 623 1960 sive
644 1929 692 1959 his
713 1928 839 1959 calculis
861 1928 933 1967 ipsis
947 1928 1068 1958 felicius

234 1973 368 2002 tractatis
382 1973 444 2002 sive
458 1973 534 2003 aliis.

276 2014 322 2056 (²)
351 2017 367 2035 *⁵
398 2017 554 2050 Quoniam
579 2016 726 2054 pondera.
786 2012 984 2051 Concipiatur
1015 2013 1065 2054 (ut

233 2055 326 2095 supr&
350 2057 443 2095 Prop.
464 2057 584 2096 XIX.)
608 2057 721 2086 canalis
736 2066 823 2095 aquae
842 2054 934 2093 plena
955 2065 973 2085 a
994 2055 1067 2094 polo

237 2100 268 2135 Q
283 2109 303 2139 q
317 2099 356 2129 ad
371 2106 511 2129 centrum
530 2100 556 2130 C
573 2109 589 2129 c
604 2106 635 2129 et
654 2098 726 2127 inde
742 2098 780 2127 ad
796 2103 981 2138 aequatorem
1002 2099 1030 2127 A
1049 2108 1068 2128 a

234 2151 373 2181 pergens.
423 2142 507 2176 Quia
532 2146 651 2181 oportet
673 2140 806 2170 fluidum
831 2139 986 2180 quiescere
1012 2141 1066 2181 (ex

240 2183 344 2223 Hyp.)
368 2184 424 2214 erit
439 2183 571 2214 fluidum
586 2183 618 2214 in
634 2182 748 2213 canalis
769 2191 858 2212 crure
882 2182 912 2212 A
931 2182 957 2213 C
978 2182 1009 2211 in
1026 2192 1067 2211 ae-

234 2226 382 2265 quilibrio
401 2236 472 2256 cum
496 2225 591 2256 fluido
615 2225 648 2255 in
671 2224 808 2265 ejusdem
837 2224 951 2254 canalis
979 2234 1068 2255 crure

237 2268 270 2302 Ω
279 2268 318 2305 C,
335 2274 366 2298 et
380 2268 478 2307 portio
491 2269 637 2309 queelibet
651 2266 739 2298 fluidi
753 2267 786 2297 in
801 2276 890 2296 crure
906 2267 932 2297 C
947 2267 973 2296 A
991 2277 1067 2296 con-

233 2310 318 2340 sistet
331 2311 365 2340 in
381 2311 551 2350 aequilibrio
572 2321 644 2340 cum
660 2309 751 2341 simili
766 2315 797 2339 et
811 2309 951 2339 similiter
966 2308 1065 2347 posita

233 2352 321 2382 fluidi
344 2354 481 2392 portione
502 2353 534 2383 in
557 2363 645 2384 crure
669 2353 695 2383 C
714 2352 747 2388 Q
762 2353 814 2394 (ex
837 2351 1062 2388 demonstratis,

234 2394 266 2424 in
283 2395 373 2435 Prop.
391 2395 536 2434 praeced.)
549 2395 628 2425 idem
640 2405 763 2435 quoque
777 2395 868 2424 simili
880 2401 1064 2434 argumento

234 2438 390 2478 colligitur
418 2438 457 2468 de
486 2438 662 2477 corporibus
687 2437 842 2476 quibusvis
867 2436 1068 2475 homogeneis

235 2479 353 2509 etiamsi
365 2479 459 2510 fluida
470 2490 533 2510 nou
545 2480 615 2510 sint.
637 2479 641 2483 “
659 2479 764 2515 Quare
779 2489 905 2518 corpora
918 2479 1066 2518 homoge-

235 2531 294 2552 nea
310 2533 380 2563 qua>
395 2529 467 2552 sunt
481 2529 518 2552 ut
531 2523 561 2553 A
576 2523 612 2559 C,
629 2523 662 2558 Ω
674 2523 699 2553 C
715 2522 748 2551 in
765 2522 839 2551 locis
853 2522 882 2551 A
899 2528 930 2551 et
947 2521 979 2555 Q
993 2530 1066 2550 con-

235 2565 341 2595 stituta
356 2564 444 2605 aeque
459 2565 563 2605 gravia
576 2571 650 2595 sunt
664 2563 768 2594 versus
779 2569 919 2594 centrum
934 2563 969 2593 C.
1006 2562 1068 2593 Sed

236 2608 367 2648 gravitas
390 2607 524 2647 corporis
549 2607 582 2636 in
608 2609 634 2637 A
659 2606 750 2645 positi
774 2605 858 2646 quod
878 2612 924 2635 est
938 2611 974 2634 ut
992 2605 1024 2639 Q
1040 2606 1067 2635 C

236 2656 280 2679 est
306 2649 344 2680 ad
369 2650 549 2690 gravitatem
574 2648 700 2680 alterius
724 2649 858 2687 corporis
882 2646 1067 2687 homogenei

237 2691 349 2721 ibidem
365 2692 521 2722 constituti
537 2691 621 2732 quod
636 2696 682 2721 est
695 2697 731 2721 ut
749 2692 778 2721 A
799 2691 824 2721 C
839 2690 919 2720 sieut
937 2690 970 2724 Q
985 2689 1011 2719 C
1027 2689 1068 2719 ad

233 2734 270 2763 'A
290 2735 326 2764 C.
375 2734 455 2764 Sunt
468 2734 553 2764 enim
567 2743 731 2772 corporum
749 2734 1011 2773 homogeneorum
1035 2731 1068 2761 in

237 2775 345 2805 eodem
371 2776 440 2806 loco
464 2776 695 2807 consistentium
719 2775 856 2815 pondera
879 2780 915 2804 ut
939 2774 1068 2812 ipsamet

238 2827 372 2856 corpora,
390 2817 464 2859 ergo
478 2828 641 2857 corporum
661 2819 923 2858 homogeneorum
938 2816 971 2846 in
990 2816 1020 2845 A
1037 2822 1069 2846 et

242 2860 275 2894 Q
294 2860 464 2897 positorum
486 2861 648 2900 gravitates
669 2866 741 2890 sunt
763 2865 799 2890 ut
823 2860 856 2894 Q
872 2859 898 2889 C
918 2857 957 2888 ad
978 2858 1008 2888 A
1028 2858 1064 2888 C.

241 2901 363 2932 Eodem
386 2902 478 2932 modo
493 2903 670 2933 ostendetur
684 2903 862 2942 gravitatem
879 2900 1013 2939 corporis
1034 2900 1067 2929 in

239 2943 307 2974 loco
319 2943 358 2978 E,
375 2943 407 2973 in
422 2944 516 2975 alter&
531 2943 727 2984 quacumque
742 2944 840 2974 canali
856 2943 880 2974 C
893 2943 934 2976 E.
948 2953 1012 2972 esse
1027 2941 1067 2972 ad

1891 1683 1948 1724 Et

1117 1804 1146 1834 A
1162 1805 1188 1836 C
1204 1804 1237 1840 Q
1251 1806 1320 1845 (per
1336 1804 1442 1844 Hyp.)
1458 1804 1554 1842 unde,
1570 1814 1609 1835 ex
1624 1814 1722 1844 aequv,
1739 1803 1905 1845 oequalium
1916 1810 1949 1835 et

1111 1847 1378 1886 homogeueorum
1401 1857 1563 1885 corporum
1587 1847 1618 1877 in
1636 1846 1772 1876 Telluris
1786 1846 1948 1886 superficie

1112 1889 1211 1919 ubivis
1226 1889 1458 1919 consistentium
1482 1890 1648 1929 gravitates
1662 1889 1811 1920 absolutae
1825 1895 1897 1920 sunt
1910 1895 1949 1920 ut

1109 1931 1261 1962 distantioe
1277 1941 1296 1962 a
1309 1937 1415 1962 centro
1429 1931 1593 1972 reciproce.

1156 2815 1173 2833 ¹*
1195 2811 1383 2843 Gravitatem
1407 2811 1541 2850 corporis
1562 2811 1595 2842 in
1619 2809 1650 2842 E
1671 2819 1736 2841 esse
1755 2807 1794 2840 ad
1813 2809 1944 2848 gravita-

1112 2861 1176 2886 tem
1202 2855 1336 2894 corporis
1360 2856 1393 2884 in
1423 2855 1456 2890 Q
1476 2861 1512 2884 ut
1531 2855 1556 2885 C
1575 2856 1608 2890 Q
1623 2853 1666 2884 'ad
1684 2853 1709 2883 C
1726 2852 1756 2882 E
1779 2860 1885 2882 verum
1899 2858 1946 2881 est

1113 2907 1178 2927 non
1200 2896 1424 2933 mathematice,
1447 2896 1501 2926 sed
1522 2896 1616 2937 quam
1634 2893 1795 2934 proxime3
1818 2892 1947 2924 directio

1113 2939 1198 2970 enim
1221 2939 1378 2979 gravitatis
1399 2940 1534 2978 corporis
1555 2938 1644 2978 positi
1658 2938 1691 2967 in
1707 2937 1737 2966 E
1753 2945 1816 2966 non
1831 2940 1877 2966 est
1896 2944 1943 2965 se—

239 2985 419 3026 gravitatem
431 2988 564 3025 corporis
575 2987 701 3027 aequalis
712 2992 743 3016 et
755 2985 940 3026 homogenei
954 2985 988 3014 in
1003 2984 1073 3015 loco
1116 2981 1258 3012 cundum
1282 2981 1313 3011 E
1331 2981 1366 3017 C,
1390 2981 1433 3011 ita
1451 2987 1487 3010 ut
1501 2980 1539 3010 ad
1554 2986 1693 3010 centrum
1711 2978 1737 3008 C
1752 2976 1870 3013 tendat,
1890 2975 1946 3007 sed

243 3029 286 3066 Q,
311 3034 346 3058 ut
374 3028 399 3058 C
419 3028 452 3063 Ω
473 3028 511 3058 ad
538 3029 563 3059 C
581 3029 633 3066 E;
656 3028 788 3060 fluidum
814 3029 896 3058 enim
910 3027 952 3060 .in
972 3027 1071 3058 canali

1117 3030 1163 3054 est
1188 3022 1449 3062 perpendicularis
1474 3021 1644 3062 superficiei
1672 3020 1707 3056 Ω
1724 3020 1755 3050 Ε
1775 3021 1804 3050 Α
1832 3020 1884 3061 (ut
1905 3026 1946 3049 ex

244 3072 274 3102 A
295 3070 320 3103 C
343 3070 373 3102 E
401 3070 556 3111 quiescere
580 3071 672 3102 debet
696 3070 776 3102 sicut
800 3070 833 3101 in
859 3069 950 3110 priori
974 3068 1075 3101 canali
1117 3066 1200 3098 facto
1222 3065 1332 3106 liquet)
1355 3065 1427 3096 hinc
1448 3064 1611 3106 gravitates
1630 3063 1665 3093 in
1680 3062 1812 3103 singulis
1825 3066 1946 3102 punem
