2092 3470
120 755 272 813 ‘Lunae
292 754 347 796 ad
367 753 645 795 meridianum
664 760 823 808 portus.

139 205 290 249 Limia
299 236 301 238 -
310 204 550 256 Tannus]
608 201 935 245 PRINCIPIA
965 199 1460 246 MATHEMATICA.
1799 206 1854 246 97

195 320 332 362 Porro
360 317 452 370 fieri
479 323 619 372 potest
638 322 686 357 ut
715 322 842 357 oestus
870 322 1128 371 propagetur
1147 314 1203 355 ob
1224 328 1380 355 oceano
1400 329 1476 370 per
1495 314 1600 357 freta
1618 315 1782 357 diversa
1801 314 1855 356 ad

137 393 317 435 eundem
335 398 517 446 portum,
540 396 582 431 et
601 388 722 430 citius
742 396 927 430 transeat
945 403 1022 443 per
1041 387 1180 443 aliqua
1198 386 1303 428 freta
1323 385 1447 442 quam
1466 403 1543 442 per
1562 389 1667 431 alia:
1708 403 1792 445 quo
1811 387 1856 429 in

137 472 378 508 casu'aestus
400 463 526 513 idem,
547 462 604 503 <in
633 461 739 503 duos
759 462 826 504 vel
845 462 986 517 plures
1007 459 1237 502 successive
1256 460 1522 519 advenientes
1543 461 1710 513 divisus,
1742 476 1856 504 com-

135 551 294 594 ponere
325 535 458 592 possit
490 542 628 576 motus
656 549 786 575 novos
802 534 1062 576 diversorum
1081 548 1296 591 generum.
1359 532 1587 590 Fingamus
1609 544 1730 576 aestus
1751 535 1856 577 duos

135 608 316 666 aequales
336 623 363 649 a
382 607 555 648 diversis
574 605 677 647 locis
696 605 741 647 in
758 605 938 648 eundem
957 613 1127 660 portum
1142 604 1296 655 venire,
1315 619 1494 660 quorum
1513 604 1629 658 prior
1648 606 1858 659 praecedat

135 682 313 724 alterum
348 681 484 736 spatio
517 680 717 722 horarum
752 694 838 730 sex,
874 678 1111 734 incidatque
1144 677 1189 719 in
1223 676 1372 718 horam
1402 677 1569 718 tertiam
1597 676 1650 718 ab
1680 678 1858 732 appulsu

886 751 932 794 Si
961 751 1085 792 Luna
1104 750 1148 791 in
1167 749 1298 792 hocce
1318 765 1395 792 suo
1414 749 1470 792 ad
1489 750 1765 792 meridianum
1785 765 1859 804 ap-

132 828 258 883 pulsu
278 827 522 869 versabatur
540 826 583 867 in
599 834 824 882 aequatore,
842 824 1009 866 venient
1023 823 1197 880 singulis
1212 823 1327 865 horis
1343 823 1453 865 senis
1471 823 1652 879 aequales
1667 822 1857 873 affluxus,
1874 812 1877 813 ⁷

135 901 208 956 qui
226 900 270 941 in
290 906 457 940 mutuos
477 898 661 939 refluxus
679 895 904 938 incidendo
924 894 1090 936 eosdem
1111 894 1334 936 affluxibus
1355 894 1593 951 aequabunt,
1623 901 1665 934 et
1685 894 1743 935 sic
1766 902 1860 948 sp'a-

132 972 193 1014 tio
220 972 303 1013 diei
326 971 437 1012 illius
458 971 637 1017 efficient
664 978 712 1011 ut
737 984 845 1025 aqua
864 967 1086 1024 tranquille
1107 975 1282 1025 stagnet.
1347 968 1392 1010 Si
1413 967 1538 1009 Luna
1558 975 1658 1008 tunc
1678 967 1862 1008 declina-

132 1044 207 1085 bat
226 1043 279 1085 ab
299 1050 523 1099 aequatore,
545 1041 648 1083 fient
666 1048 791 1083 aestus
811 1041 855 1081 in
876 1055 1034 1082 oceano
1048 1040 1209 1082 vicibus
1225 1040 1395 1082 alternis
1410 1040 1589 1095 majores
1605 1047 1646 1081 et
1662 1040 1858 1089 minores,

133 1115 195 1161 uti
225 1115 383 1156 dictum
410 1122 496 1164 est3
527 1122 570 1156 et
597 1113 696 1155 inde
715 1113 1061 1169 propagabuntur
1080 1113 1124 1153 in
1143 1113 1256 1154 hunc
1276 1121 1446 1168 portum
1467 1112 1646 1154 affluxus
1666 1113 1754 1154 bini
1773 1127 1861 1154 ma-

127 1189 242 1244 jores
262 1196 305 1229 et
323 1186 413 1228 bini
432 1186 628 1237 minores,
652 1185 812 1227 vicibus
832 1185 1014 1226 alternis.
1061 1185 1258 1233 Affluxus
1279 1188 1418 1226 autem
1438 1185 1528 1227 bini
1547 1187 1726 1241 majores
1748 1199 1862 1227 com-

134 1270 294 1319 ponent
319 1276 470 1318 aquam
498 1261 738 1303 altissimam
757 1260 802 1301 in
821 1259 961 1301 medio
981 1260 1089 1300 inter
1109 1267 1349 1315 utrumque,
1372 1259 1551 1301 affluxus
1570 1260 1704 1314 major
1724 1267 1765 1300 et
1783 1259 1863 1300 mi-

134 1375 311 1415 superando
331 1374 534 1405 resistentiam
556 1373 725 1404 fluminum
746 1372 839 1404 saciet
860 1382 975 1413 aquam

134 1418 226 1449 citius
244 1428 280 1448 ac
301 1417 420 1447 diutius
441 1416 582 1453 influere,
605 1415 745 1457 adeoque
759 1417 882 1446 minuet
895 1417 976 1445 hanc

136 1460 363 1491 differentiam:
389 1458 508 1490 interea
529 1469 601 1489 vero
625 1459 701 1489 dum
726 1459 820 1489 Luna
834 1461 873 1488 ad
889 1468 975 1498 syzy-

135 1504 203 1544 gias
223 1509 376 1542 properat,
400 1512 523 1532 necesse
545 1508 591 1531 est
612 1508 647 1531 ut
670 1501 799 1531 flumina
813 1503 854 1531 ob
868 1510 977 1531 cursus

136 1556 210 1576 suos
230 1555 285 1584 per
306 1544 555 1585 magnitudinem
577 1550 710 1574 aestuum
732 1543 896 1582 impeditos
910 1553 977 1572 ma-

136 1589 184 1628 gis
199 1588 388 1627 impleantur
402 1593 433 1617 et
449 1585 608 1626 propterea
623 1587 716 1616 maris
729 1585 883 1616 refluxum
899 1596 977 1625 pau-

136 1629 168 1662 1ὀ
183 1632 282 1671 magis
296 1629 468 1668 impediant
482 1629 623 1668 proxime
643 1635 712 1668 post
726 1630 866 1677 syzygias
879 1639 975 1670 quam

136 1672 276 1712 proxime
291 1671 373 1703 ante.
423 1670 475 1702 Ea
490 1671 528 1702 de
543 1671 638 1702 causa
651 1678 744 1702 aestus
758 1671 899 1701 omnium
916 1679 977 1702 tar-

135 1716 253 1746 dissimi
270 1725 334 1746 non
348 1714 509 1745 incident
501 1724 534 1744 m
549 1714 630 1753 ipsas
645 1714 794 1766 syzygias,
815 1714 869 1744 sed
884 1713 979 1754 paulo

127 1758 319 1798 praecedent.
370 1758 447 1788 Dixi
469 1765 562 1788 aestus
581 1757 674 1788 etiam
689 1755 762 1787 ante
777 1757 916 1797 syzygias
931 1768 980 1787 re-

137 1801 252 1831 tardari
267 1801 296 1830 vi
315 1800 406 1831 Solis·
450 1800 670 1841 Conjuugatur
684 1810 777 1830 causa
791 1806 930 1840 utraque,
947 1807 979 1831 et

138 1851 271 1874 aestuum
293 1843 458 1874 retardatio
479 1850 510 1873 et
530 1845 628 1885 major
642 1843 701 1873 erit
714 1849 746 1873 et
760 1843 898 1883 syzygias
913 1853 979 1874 ma·-

137 1887 186 1926 gis
206 1886 367 1926 praecedet.
418 1886 501 1921 Quae
515 1886 621 1916 omnia
635 1885 678 1916 ita
692 1895 725 1915 se
739 1886 852 1915 habere
866 1885 981 1926 colligo

139 1938 178 1958 ex
201 1929 314 1959 tabulis
334 1934 468 1959 oestuum
483 1939 560 1968 quas
583 1927 809 1960 Flamsoeedius
823 1938 860 1958 ex
876 1929 980 1960 obser-

139 1972 313 2002 vationibus
328 1971 565 2012 quamplurimis
586 1970 767 2001 construxit.

187 2017 256 2045 109.
286 2013 435 2044 AEstuum
458 2013 643 2054 magnitudo
667 2023 731 2043 non
756 2022 868 2052 parum
888 2014 982 2044 etiam

140 2056 257 2095 pendet
278 2066 298 2086 a
318 2055 536 2096 magnitudine
554 2056 698 2092 marium,
714 2055 798 2085 utin
816 2055 982 2094 Opusculo

141 2099 235 2129 citato
261 2100 400 2129 observat
424 2097 537 2128 clariss.
567 2104 666 2129 autor.
715 2097 762 2127 Sit
789 2097 815 2128 C
842 2105 984 2129 centrum

144 2141 261 2178 Terrae,
291 2141 321 2171 E
341 2142 371 2171 A
391 2141 423 2171 D
442 2141 471 2171 Β
493 2141 629 2181 oblonga
649 2139 744 2170 maris
766 2139 877 2180 figura,
904 2141 932 2171 C
954 2141 985 2171 A

143 2183 304 2215 semi-axis
318 2183 426 2225 major,
446 2184 474 2215 G
494 2184 524 2214 B
540 2182 699 2214 aemi-axis
712 2182 816 2213 minor
828 2182 923 2222 priori
937 2182 986 2213 in-

149 2735 262 2767 n‘stena
275 2734 315 2766 ad
330 2734 464 2776 angulos
477 2740 585 2766 rectos.
627 2735 777 2766 Sumatur
792 2735 826 2765 D
841 2739 994 2774 punctum

151 2778 292 2809 medium
315 2778 398 2809 inter
418 2778 448 2808 A
465 2783 496 2808 et
517 2778 557 2814 Β,
585 2777 686 2819 sitque
712 2777 742 2808 E
761 2778 788 2809 C
806 2777 845 2815 F,
866 2777 915 2807 vel
938 2777 996 2816 ipsi

154 2821 282 2861 aequalis
296 2831 314 2851 e
333 2821 358 2852 C
374 2821 392 2850 f
402 2819 539 2861 angulus
552 2820 593 2850 ad
607 2826 748 2851 centrum
765 2820 882 2856 Terrae,
902 2829 995 2860 quem

154 2863 314 2894 subtendit
327 2862 461 2894 latitudo
474 2862 568 2893 maris
581 2862 736 2893 littoribus
752 2863 793 2898 E,
813 2863 850 2900 F,
866 2863 914 2892 vel
930 2873 956 2898 e,
974 2862 995 2899 f,

154 2906 334 2944 terminari3
359 2912 500 2936 versetur
520 2911 624 2935 autem
646 2911 799 2945 punctum
817 2907 860 2942 A,
883 2905 918 2935 in
931 2915 996 2935 me-

1019 1382 1123 1403 cessus
1147 1372 1322 1403 altitudinis
1349 1372 1376 1403 C
1395 1372 1424 1403 A
1449 1382 1543 1411 super
1563 1372 1762 1402 altitudinem
1787 1373 1813 1403 C
1833 1372 1861 1402 Ε

1018 1415 1068 1445 vel
1085 1415 1112 1446 C
1130 1415 1158 1445 F
1177 1415 1352 1456 designabit
1366 1415 1534 1446 maximam
1550 1416 1754 1455 quantitatem
1770 1415 1863 1444 aestus

1018 1458 1052 1487 in
1073 1457 1178 1488 medio
1199 1458 1292 1487 maris
1316 1459 1346 1489 E
1368 1459 1394 1489 F
1415 1458 1571 1488 littoribus
1595 1458 1634 1493 E,
1656 1457 1681 1487 F
1695 1458 1861 1494 terminati,

1018 1506 1051 1530 et
1064 1510 1206 1531 excessus
1220 1500 1393 1531 altitudinis
1412 1501 1438 1531 C
1449 1510 1468 1530 e
1481 1510 1575 1539 super
1589 1499 1786 1530 altitudinem
1801 1500 1826 1530 C
1839 1500 1860 1533 f.

1019 1549 1153 1582 exponet
1173 1543 1342 1574 maximam
1365 1543 1571 1584 quantitatem
1585 1542 1680 1573 aestiis
1700 1542 1740 1573 ad
1762 1543 1864 1573 littora

1020 1585 1160 1626 ejusdem
1182 1585 1285 1615 maris.
1334 1587 1446 1628 (Nam,
1463 1585 1637 1615 differentia
1651 1585 1732 1615 inter
1746 1584 1863 1615 diame-

1019 1635 1103 1658 trum
1124 1629 1311 1659 bisecantem
1334 1628 1489 1669 angulum
1509 1628 1619 1658 datum
1634 1638 1728 1667 quem
1744 1628 1864 1658 faciunt

1019 1670 1092 1701 duae
1107 1670 1249 1701 diametri
1264 1671 1407 1710 ellipseos
1420 1677 1452 1701 et
1466 1670 1645 1700 alterutram
1661 1680 1699 1700 ex
1722 1670 1785 1700 illis
1799 1670 1863 1700 dia·

1018 1713 1126 1744 metris
1147 1713 1246 1754 major
1267 1724 1333 1744 esse
1347 1724 1412 1744 non
1427 1719 1528 1753 potest
1541 1723 1579 1743 ex
1595 1712 1707 1742 natura
1722 1713 1864 1751 ellipseos

1020 1755 1116 1796 quam
1130 1757 1154 1786 si
1179 1757 1232 1786 illa
1247 1756 1397 1787 diameter
1410 1757 1549 1787 bisecans
1564 1755 1603 1785 sit
1617 1756 1775 1785 semi-axis
1799 1766 1863 1786 ma·

1015 1799 1067 1840 jor
1088 1805 1120 1829 et
1140 1799 1314 1829 differentia
1328 1799 1410 1830 inter
1423 1798 1493 1829 illas
1507 1799 1585 1829 duas
1603 1798 1685 1837 ipsas
1699 1798 1865 1828 diametros

1020 1841 1174 1882 angulum
1197 1842 1304 1872 datum
1327 1842 1550 1873 constituentes
1564 1841 1663 1881 major
1677 1851 1742 1871 esse
1758 1840 1865 1881 nequit

1020 1883 1116 1925 quam
1131 1885 1157 1914 si
1171 1884 1320 1915 diameter
1335 1885 1488 1925 angulum
1505 1884 1642 1914 bisecans
1656 1883 1750 1914 faciat
1763 1894 1864 1922 angu-

1020 1927 1088 1958 lum
1104 1937 1177 1958 cum
1192 1938 1250 1958 axe
1271 1926 1513 1966 semi-rectum.)
1562 1926 1655 1956 Unde
1675 1934 1758 1965 patet
1772 1933 1866 1956 aestus

1023 1969 1064 2000 ad
1093 1970 1196 2000 littora
1218 1980 1283 2000 esse
1312 1969 1540 2010 propemodum
1562 1976 1598 1999 ut
1620 1970 1714 1998 maris
1734 1968 1866 1998 latitudo

1025 2013 1056 2043 E
1075 2012 1111 2049 F,
1127 2023 1200 2043 arcu
1215 2012 1409 2053 quadrantali
1432 2022 1496 2042 non
1515 2012 1623 2051 major.
1675 2011 1762 2041 Hinc
1778 2011 1813 2040 fit
1830 2017 1866 2040 ut

1024 2055 1134 2086 nullus
1170 2062 1225 2086 aut
1259 2055 1324 2086 fere
1360 2055 1468 2085 nullus
1501 2055 1678 2084 observetur
1713 2063 1866 2101 aquarum

1023 2104 1128 2128 motus
1148 2098 1182 2127 in
1204 2097 1340 2128 maribus
1355 2108 1419 2127 non
1433 2097 1506 2127 satis
1522 2094 1583 2126 late
1598 2095 1784 2134 patentibus,
1807 2095 1866 2124 nisi

1022 2150 1096 2170 cum
1109 2149 1227 2170 oceano
1240 2140 1307 2179 ipso
1321 2139 1417 2170 libere⁷
1431 2138 1674 2170 communicent.
1727 2138 1759 2168 Si
1782 2137 1866 2167 enim

1023 2182 1103 2212 nihil
1124 2189 1180 2212 aut
1200 2192 1311 2221 pamm
1334 2192 1408 2212 cum
1430 2191 1545 2211 oceano
1567 2180 1808 2217 communicent,
1831 2186 1868 2210 ut

1026 2224 1161 2255 accidit
1153 2235 1185 2254 111
1199 2225 1278 2255 mari
1295 2224 1536 2260 Mediterraneo‚
1554 2229 1648 2253 aestus
1662 2221 1786 2264 quoque
1798 2233 1866 2253 eam

1024 2269 1064 2298 ob
1094 2277 1220 2297 causam
1248 2267 1352 2297 minor
1380 2265 1632 2305 deprehenditur.
1695 2266 1786 2296 Hinc
1822 2270 1868 2295 est

1027 2309 1123 2340 etiam
1147 2309 1232 2350 quod
1258 2319 1352 2348 prope
1378 2314 1563 2349 aequatorem
1591 2308 1646 2338 ubi
1674 2318 1760 2338 mare
1787 2308 1868 2337 inter

1028 2352 1168 2382 Africam
1184 2358 1215 2382 et
1232 2352 1411 2382 Americam
1430 2356 1599 2391 angustum
1622 2357 1677 2387 est,
1700 2357 1794 2380 aestus
1807 2350 1870 2380 sint

1008 2393 1010 2397 ’
1027 2395 1128 2425 11111110
1141 2394 1278 2424 minores
1291 2394 1386 2434 quam
1400 2394 1473 2423 binc
1487 2393 1560 2423 inde
1574 2393 1608 2422 in
1620 2394 1706 2423 zonis
1692 2399 1868 2431 tempera-

1027 2437 1069 2467 tis
1083 2437 1138 2467 ubi
1151 2437 1259 2467 maria
1265 2436 1326 2467 late
1342 2442 1455 2475 patent,
1472 2443 1504 2466 et
1518 2436 1551 2465 in
1567 2436 1660 2465 maris
1676 2435 1804 2465 Pacifici
1818 2435 1869 2465 lit-

1030 2479 1150 2510 toribus
1165 2479 1230 2509 fere
1245 2479 1377 2520 singulis
1391 2485 1454 2509 tam
1467 2478 1662 2508 Americanis
1676 2487 1770 2518 quam
1789 2477 1870 2507 Sini-

1027 2522 1073 2552 cis
1087 2529 1118 2552 et
1132 2521 1214 2552 intra
1225 2523 1357 2561 tropicos
1371 2527 1402 2552 et
1416 2519 1511 2551 extra.
1562 2520 1752 2561 Contingere
1765 2526 1870 2550 tamen

1031 2570 1134 2604 potest
1157 2571 1193 2595 ut
1214 2571 1307 2595 aestus
1321 2565 1375 2605 qui
1397 2565 1430 2593 in
1444 2573 1559 2594 oceano
1573 2562 1737 2592 mediocris
1758 2569 1814 2600 est,
1836 2561 1872 2592 in

1029 2606 1132 2637 fluviis
1152 2607 1262 2637 evadat
1282 2606 1438 2637 maximus
1458 2612 1583 2646 propter
1595 2604 1742 2635 transitus
1755 2615 1872 2646 augus-

1029 2649 1089 2680 tias
1110 2649 1312 2690 littei-umque
1333 2649 1459 2680 seorsim
1481 2648 1662 2679 co’duntium
1682 2657 1871 2688 convergen·

1034 2692 1119 2723 tiam.
1169 2692 1251 2723 Haec
1276 2692 1316 2722 de
1339 2692 1434 2722 maris
1455 2698 1531 2721 astu
1553 2701 1609 2729 pro
1631 2690 1773 2729 praesenti
1789 2690 1872 2720 dicta

1032 2735 1114 2766 siut:
1144 2734 1184 2765 de
1209 2733 1267 2765 hac
1291 2733 1482 2765 nobilissima
1508 2735 1588 2763 inter
1614 2734 1754 2774 physicos
1771 2742 1870 2774 quaes-

1032 2777 1118 2808 tione
1131 2777 1267 2817 plurima
1286 2777 1319 2807 iu
1345 2777 1487 2813 decursu,
1510 2775 1566 2806 ubi
1586 2784 1722 2806 recurret
1742 2776 1870 2811 occasio,

1034 2821 1251 2861 adjungemus.
1302 2820 1459 2850 Prolixius
1479 2819 1560 2848 foret
1580 2819 1722 2859 prosequi
1744 2819 1840 2848 factas
1854 2828 1873 2849 a

1035 2863 1279 2904 diligentissimis
1287 2862 1476 2901 philosophis
1487 2867 1618 2892 aestuum
1630 2862 1872 2898 observationes3

1035 2906 1180 2955 legantur
1194 2916 1264 2946 quae
1279 2906 1341 2935 huc
1352 2912 1383 2935 et
1396 2904 1472 2935 illuc
1484 2911 1551 2934 tum
1561 2904 1594 2934 in
1607 2905 1764 2935 Transact.
1777 2904 1875 2944 Angl.

157 2947 233 2978 dio
224 2955 305 2979 mter
320 2954 440 2988 puncta
463 2948 503 2983 E,
523 2946 564 2984 F,
578 2954 608 2977 et
629 2953 781 2986 punctum
799 2948 856 2978 D·
848 2958 881 2977 111
895 2948 1000 2978 medio
1038 2955 1105 2979 tum
1122 2949 1155 2978 in
1173 2949 1262 2979 Mon.
1283 2947 1379 2978 Paris.
1397 2947 1555 2986 dispersa·
1547 2947 1755 2984 inveniuntur,
1771 2946 1824 2977 sed
1840 2956 1876 2976 ea

158 2989 240 3020 iuter
261 2998 381 3029 puncta
395 3001 423 3027 e,
440 2991 463 3021 f.
512 2990 545 3020 Si
565 2999 621 3028 per
642 2990 846 3021 differentiam
861 2990 997 3021 altitudi-

1040 2991 1209 3030 praesertim
1225 3001 1295 3030 quae
1310 2989 1423 3020 clariss.
1436 2989 1493 3019 viri
1516 2989 1663 3020 Halieius
1680 2991 1779 3020 Num.
1798 2992 1872 3020 226.

159 3042 237 3062 num
256 3033 283 3064 C
303 3034 344 3070 A,
376 3030 402 3064 C
421 3034 460 3070 B,
484 3039 658 3071 exponatur
679 3033 834 3072 quantitas
854 3032 946 3063 aestus
967 3033 1001 3062 in
1042 3034 1200 3064 Transact.
1220 3039 1251 3063 et
1269 3032 1440 3063 Cassinus'
1430 3043 1464 3062 111
1481 3032 1573 3063 Mon.
1593 3033 1691 3064 Paris.
1709 3042 1761 3064 an.
1782 3035 1874 3064 1712.

159 3074 239 3105 mari
253 3073 327 3106 satia
341 3075 501 3116 profundo
517 3075 646 3106 Terram
662 3080 757 3105 totam
771 3075 926 3116 cingente,
949 3085 1001 3105 ex-

1044 3078 1134 3108 1713.
1153 3075 1265 3115 scripta
1277 3074 1497 3118 reliquerunt„

988 3133 1041 3164 15
