2092 3470
646 222 729 265 ET
760 221 1099 265 REFLUXUS
1129 221 1340 265 MARIS.
1763 228 1846 266 239

133 340 249 376 motu
278 334 413 377 Lunae
442 333 688 384 conferatur,
722 349 1004 390 supponamus
1030 334 1176 376 orbem
1204 334 1394 376 lunarem
1423 336 1530 393 aqua
1560 335 1773 393 compleri,
1805 345 1848 379 et

133 422 366 463 quaeramus
386 421 600 448 ascensum
628 407 751 463 hujus
772 422 892 463 aquae
919 421 996 462 per
1028 406 1153 462 Prop.
1178 406 1255 448 IV.
1278 414 1319 447 et
1339 407 1392 448 V.
1455 409 1506 449 In
1531 408 1655 464 Prop.
1681 409 1735 450 V.
1758 417 1848 450 erat

133 479 313 521 visvad
340 494 382 536 g,
414 487 461 520 ut
485 484 502 519 1
529 479 582 521 ad
615 483 710 529 178,
734 483 843 528 7253
874 477 1163 534 quareinhoc
1184 492 1281 519 casu
1300 477 1454 518 foretx
1475 495 1484 519 :
1508 479 1594 520 d::
1620 485 1672 521 15
1694 494 1744 520 v:
1768 485 1792 521 8
1813 495 1844 535 g

131 575 189 583 —
209 551 318 606 571²}
349 560 384 595 Χ
413 566 440 593 v
459 566 494 592 τε
520 557 538 592 1
564 567 574 592 t
598 557 778 603 91‚496:
801 551 988 607 adeoque
1007 551 1218 592 semi-axis
1239 549 1387 607 figurae
1408 551 1461 591 ad
1482 552 1726 593 semi-axem
1742 567 1843 594 con-

123 621 316 680 jugatum
337 623 419 678 (vel
439 623 468 665 d
495 630 537 674 ÷
563 638 593 665 Χ
614 624 668 666 ad
687 624 717 666 d
735 649 794 656 —
812 624 859 677 x)
884 632 929 666 ut
948 628 1105 674 46‚248
1137 622 1191 664 ad
1220 628 1376 673 45,248
1389 639 1400 673 3
1433 638 1526 679 quae
1546 624 1631 666 fere
1652 626 1849 682 congruit

131 708 227 736 cum
246 694 406 736 ratione
425 694 713 737 distantiarum
733 696 868 738 Lunae
887 695 931 736 in
951 694 1212 752 quadraturis
1232 702 1274 736 et
1292 693 1468 751 syzygiis
1490 709 1614 750 quam
1637 695 1844 752 Halleyus

131 781 186 808 ex
215 767 571 809 observationibus
602 767 770 809 deducit
782 784 795 818 3
825 765 930 809 adeo
957 775 1006 808 ut
1023 767 1160 823 figura
1179 766 1327 807 orbitae
1356 765 1512 807 lunaris
1533 766 1672 821 speeie
1691 767 1763 808 vix
1783 767 1848 808 di-

129 852 248 879 versa
278 838 331 879 sit
360 838 413 879 ab
441 836 490 879 ea
520 853 645 894 quam
672 838 822 895 globus
843 852 998 894 aqueus
1018 837 1233 893 quiescens
1265 836 1400 877 Lunae
1430 835 1608 877 orbitam
1630 837 1842 891 complens

131 923 185 950 ex
205 909 246 949 vi
269 908 377 950 Solis
397 908 610 958 indueret3
641 908 778 950 forent
797 917 935 950 tamen
963 908 1168 963 positione
1188 907 1375 958 diversae,
1399 907 1604 964 siquidem
1621 908 1733 949 illius
1754 909 1847 950 axis

128 981 265 1022 minor
288 980 428 1024 Solem
446 982 651 1037 respiciat,
673 981 794 1037 hujus
815 982 903 1023 axis
923 982 1055 1037 major
1074 980 1217 1023 versus
1241 981 1379 1024 Solem
1400 981 1662 1038 dirigeretur.
1717 982 1844 1024 Ratio

128 1053 291 1093 numeri
311 1057 364 1094 59
386 1051 441 1093 ad
461 1058 516 1094 60
539 1055 733 1108 (quarum
753 1051 1107 1094 semi-differentia
1126 1060 1190 1093 est
1208 1052 1260 1093 ad
1282 1052 1610 1093 semi-summam
1629 1061 1676 1094 ut
1698 1059 1721 1094 3
1743 1069 1770 1094 v
1790 1053 1843 1094 ad

128 1139 158 1180 g
187 1123 310 1180 quam
338 1123 548 1179 proxime)
569 1123 700 1179 probe
731 1125 923 1181 congruit
952 1139 1047 1166 cum
1076 1125 1234 1166 ratione
1265 1112 1529 1166 se‘nii-axium
1549 1125 1700 1182 figurae
1720 1142 1848 1182 quam

133 1210 241 1251 aqua
261 1210 315 1236 ex
334 1196 375 1236 vi
397 1195 505 1238 Solis
525 1195 728 1245 indueret,
752 1196 786 1236 si
806 1195 866 1236 vis
895 1196 1107 1252 gravitatis
1128 1196 1273 1237 eadem
1294 1203 1401 1237 esset
1419 1210 1495 1250 per
1513 1204 1645 1237 totam
1667 1197 1848 1238 circum-

128 1266 343 1308 ferentiam
364 1267 405 1309 A
420 1267 457 1308 B
472 1282 496 1308 a
510 1267 551 1317 b,
575 1275 622 1308 ut
641 1266 895 1308 ostendimus
916 1267 959 1307 in
982 1266 1121 1308 Schol.
1148 1273 1184 1308 1.
1210 1267 1336 1322 Prop.
1359 1267 1412 1308 V.
1473 1267 1683 1309 Ascensus
1703 1278 1844 1310 autem

128 1356 248 1397 aquae
272 1342 397 1398 Prop.
420 1341 473 1382 V.
495 1340 688 1382 definitus
710 1341 901 1396 congruit
921 1355 1015 1382 cum
1045 1340 1093 1382 ea
1124 1355 1247 1396 quam
1269 1355 1324 1382 ex
1344 1340 1704 1382 observationibus
1726 1342 1842 1383 colli-

129 1412 191 1468 git
233 1411 465 1467 Halleyus3
515 1411 627 1452 unde
666 1411 864 1465 suspicari
909 1410 1006 1452 licet
1043 1410 1318 1452 differentiam
1357 1411 1656 1453 diametrorum
1698 1413 1846 1454 orbitae

128 1482 284 1523 lunaris
312 1481 439 1537 paulo
470 1481 560 1523 fieri
589 1482 788 1537 majorem
817 1495 870 1522 ex
899 1480 1163 1522 decremento
1193 1481 1404 1537 gravitatis
1435 1481 1571 1522 Lunae
1598 1483 1642 1522 in
1664 1482 1844 1524 Terram

131 1553 231 1594 dum
260 1554 406 1595 transit
435 1569 460 1594 a
489 1553 664 1610 syzygiis
694 1552 749 1593 ad
778 1551 1062 1608 quadraturas,
1096 1552 1219 1593 simili
1244 1551 1329 1593 fere
1358 1553 1518 1594 ratione
1538 1554 1619 1609 qua
1650 1568 1843 1596 ascensus

129 1640 248 1681 aquae
266 1625 421 1680 prodiit
440 1626 484 1666 in
502 1625 581 1666 hac
603 1624 892 1680 Propositione
912 1625 1044 1679 major
1071 1632 1243 1679 propter
1262 1638 1475 1665 excessum
1495 1624 1707 1680 gravitatis
1727 1639 1846 1680 aquae

129 1696 173 1736 in
203 1686 381 1736 Terram
409 1696 452 1736 in
481 1696 574 1753 loco
597 1696 634 1737 B
655 1710 781 1750 supra
808 1695 938 1750 ipsius
957 1695 1202 1752 gravitatem
1221 1695 1264 1734 in
1283 1695 1377 1735 loco
1398 1695 1439 1735 A
1460 1695 1630 1751 aliisque
1651 1711 1676 1736 a
1695 1705 1838 1738 centro

130 1769 349 1810 distantiis*
405 1767 564 1810 Verum
595 1767 799 1824 quidquid
828 1768 862 1808 si
884 1766 1157 1823 judicandum
1186 1767 1239 1808 de
1270 1767 1428 1808 ratione
1449 1767 1747 1808 diametrorum
1775 1783 1844 1808 or-

132 1844 230 1885 bitae
259 1844 427 1894 lunaris,
459 1858 511 1884 ex
542 1843 606 1884 his
637 1843 830 1900 colligere
861 1842 957 1883 licet
991 1856 1207 1883 ascensum
1235 1856 1355 1897 aquae
1386 1841 1513 1896 Prop.
1536 1841 1590 1881 V.
1623 1841 1844 1883 definitum

130 1916 328 1970 majorem
356 1916 427 1956 vix
456 1915 630 1956 evadere
658 1922 830 1969 propter
858 1922 1018 1955 motum
1045 1913 1193 1955 Terrae
1213 1913 1408 1954 diurnum
1428 1913 1538 1954 circa
1563 1927 1685 1954 axem
1706 1928 1842 1955 suum.

133 1988 425 2042 Supponamus
446 1988 556 2029 enim
584 1986 696 2028 hunc
716 1994 875 2027 motum
895 1986 1038 2043 augeri
1066 1986 1200 2026 donec
1220 1986 1281 2026 vis
1301 1985 1530 2041 centrifuga
1550 2000 1604 2026 ex
1623 1986 1704 2026 hoc
1723 1995 1843 2027 motu

130 2057 307 2098 oriunda
335 2057 409 2098 fiat
437 2056 606 2113 aequalis
636 2056 839 2113 gravitati,
872 2063 913 2097 et
940 2054 1155 2110 particulae
1175 2055 1298 2095 maris
1319 2055 1582 2096 revolvantur
1602 2055 1657 2096 ad
1677 2070 1841 2097 morem

131 2118 350 2170 satellitum
379 2129 423 2170 in
452 2129 595 2171 orbitis
625 2127 749 2184 quam
777 2126 967 2183 proxime
996 2127 1262 2169 circularibus
1283 2127 1460 2169 Terram
1488 2128 1839 2184 contingentibus.

132 2201 219 2242 Hae
249 2202 396 2243 orbitae
425 2210 547 2243 erunt
576 2201 781 2256 ellipticae,
813 2215 989 2256 quarum
1018 2215 1115 2259 axes
1145 2201 1326 2242 minores
1360 2201 1576 2255 productae
1605 2202 1840 2243 transibunt

129 2288 206 2328 per
236 2274 389 2316 Solem.
450 2274 507 2315 Et
536 2274 570 2315 si
601 2272 863 2314 semi-axium
892 2272 1123 2314 differentia
1144 2273 1196 2314 sit
1214 2273 1268 2314 ad
1289 2273 1659 2315 semi-diametrum
1678 2275 1837 2315 medio-

132 2360 244 2387 crem
272 2354 320 2388 ut
350 2353 375 2388 3
397 2346 438 2387 V
467 2345 520 2387 ad
552 2345 596 2388 G
627 2344 873 2401 (secundum
903 2361 951 2387 ea
980 2360 1072 2401 quae
1103 2346 1156 2387 de
1185 2346 1365 2388 motibus
1394 2347 1607 2389 lunaribus
1633 2347 1761 2389 tradit
1777 2348 1841 2388 vir

132 2419 405 2471 acutissimus)
437 2418 515 2459 erit
543 2418 679 2458 minor
708 2432 880 2458 ascensu
901 2432 1020 2473 aquae
1041 2415 1166 2471 supra
1185 2417 1355 2458 definito
1379 2417 1504 2472 Prop.
1527 2418 1580 2459 V.
1611 2418 1655 2459 in
1676 2433 1759 2474 qua
1776 2418 1842 2458 in-

130 2488 317 2530 venimus
347 2493 373 2529 2
403 2503 434 2529 Χ
462 2503 549 2529 esse
579 2488 631 2528 ad
662 2486 691 2528 d
719 2496 765 2528 ut
799 2493 849 2529 15
881 2487 922 2528 V
951 2487 1004 2528 ad
1035 2493 1060 2528 4·
1093 2487 1148 2528 G.
1212 2486 1340 2536 Quod
1367 2487 1401 2528 si
1431 2502 1665 2543 quaeramus
1688 2487 1840 2528 horum

131 2561 394 2602 semi-axium
423 2560 696 2602 differentiam
725 2575 780 2601 ex
808 2560 944 2616 figura
973 2560 1119 2601 orbitae
1147 2560 1303 2601 lunaris
1333 2559 1534 2616 quatenus
1566 2575 1620 2602 ex
1646 2560 1841 2601 observa-

132 2633 313 2675 tionibus
333 2633 552 2675 innotescit
572 2632 800 2675 secundum
827 2633 960 2674 claris.
983 2632 1226 2689 Halleyum,
1257 2648 1406 2688 parum
1426 2634 1651 2675 admodum
1673 2647 1842 2688 supera-

130 2705 193 2747 bit
221 2719 436 2747 ascensum
465 2719 583 2761 aquae
613 2704 738 2761 supra
767 2705 996 2747 definitum,
1057 2705 1148 2747 Nec
1174 2706 1326 2747 mirum
1356 2707 1390 2747 si
1417 2722 1502 2748 non
1529 2705 1720 2748 accurate
1741 2720 1840 2747 con—

132 2776 309 2826 veniant,
342 2774 437 2817 cum
465 2776 643 2832 gravitas
674 2776 808 2818 Lunae
828 2775 970 2818 versus
991 2776 1168 2818 Terram
1190 2785 1383 2834 sequatur
1402 2778 1606 2819 rationem
1634 2778 1841 2820 inversam

133 2849 383 2904 duplicatam
422 2848 720 2899 distantiarum,
764 2850 943 2907 gravitas
984 2864 1103 2905 aquae
1141 2851 1273 2906 major
1313 2864 1478 2905 quoque
1517 2850 1570 2890 sit
1608 2850 1652 2890 in
1690 2851 1838 2906 majori

133 2919 336 2970 distantia,
359 2920 433 2961 sed
451 2934 537 2960 non
556 2920 599 2959 in
619 2919 763 2960 eadem
782 2920 955 2962 ratione.
1018 2918 1127 2961 Cum
1146 2920 1238 2960 haec
1258 2919 1533 2974 phaenomena
1552 2920 1632 2962 sint
1647 2921 1835 2977 analoga,

133 3001 174 3034 et
203 2993 281 3034 sibi
308 2992 454 3034 mutuo
485 2992 663 3048 aliquam
683 2992 819 3034 lucem
838 2993 1023 3043 afferant,
1056 2993 1147 3034 haec
1168 2993 1220 3034 de
1240 2993 1288 3033 iis
1309 2993 1417 3034 inter
1437 3008 1481 3034 se
1501 2992 1659 3035 collatis
1679 3009 1838 3035 memo-

133 3080 226 3107 rare
253 3065 470 3120 videbatur
490 3079 629 3121 operae
649 3065 853 3120 praetium.
918 3067 1199 3121 Supponimus
1220 3073 1358 3107 tamen
1385 3063 1455 3107 hic
1475 3080 1594 3122 aquae
1613 3075 1773 3108 motum
1796 3066 1840 3106 in

960 3136 982 3167 S
996 3140 1016 3166 2
