2092 3470
533 233 786 276 FLUXUS
818 229 898 275 Ac
929 231 1267 275 REFLUXUS
1297 231 1531 275 MARIS.·
1788 233 1868 271 331

165 354 286 409 pulsa
313 354 368 396 ad
394 355 524 396 latera
550 354 740 397 diffluere
760 356 916 412 nequit,
949 356 984 396 si
1012 354 1179 411 quidem
1201 354 1314 395 sinus
1334 352 1488 396 directe
1508 350 1659 394 versus*
1671 362 1765 392 eam
1781 348 1873 404 pla-

165 442 263 482 gam
290 435 441 482 pateat,
474 427 587 468 unde
615 443 722 484 aqua
750 428 979 470 advehitur.
1040 427 1109 468 Ex
1127 426 1192 467 his
1211 426 1339 482 igitur
1358 441 1444 468 non
1465 426 1599 468 solum
1619 423 1726 465 ratio
1743 429 1870 477 patet,

165 512 240 539 cur
268 513 374 554 aqua
402 497 487 540 fere
509 499 660 555 ubique
681 500 735 541 ad
754 500 893 541 littora
921 499 974 541 ad
1002 499 1134 540 multo
1161 498 1360 553 majorem
1388 497 1648 539 altitudinem
1676 495 1871 543 elevetur,

164 568 288 625 quam
317 570 362 610 in
389 569 528 611 medio
557 571 675 621 mari,
706 571 779 612 sed
809 572 932 612 etiam
961 585 1038 612 cur
1067 568 1254 611 Bristolii
1280 576 1363 609 tam
1394 569 1573 609 enormis
1592 568 1730 608 fluxus
1761 564 1878 606 circ&

164 642 351 698 syzygias
370 634 635 684 luminarium
654 644 893 686 observetur
903 660 916 694 ς
951 643 1048 685 cum
1066 642 1176 685 enim
1188 642 1238 683 -in
1258 641 1337 683 hac
1356 641 1525 698 regione
1542 642 1659 683 littus
1678 639 1732 681 sit
1750 634 1880 680 wald&

167 713 383 754 sinuosum
401 728 450 754 ac
469 714 682 765 vadosum,
704 730 812 772 aqua
828 715 1010 756 maxima
1026 703 1070 756 *vi
1094 713 1327 769 appellitur,
1359 727 1494 768 neque
1513 713 1569 754 ob
1590 711 1874 754 sinuositatem

164 791 251 824 tam
272 782 356 825 cito
376 783 561 826 diffluere
581 793 729 840 potest.
790 786 931 841 Atque
950 799 1004 826 ex
1029 784 1094 825 his
1123 783 1337 839 principiis
1358 795 1445 824 non
1463 782 1543 824 erit
1561 778 1727 824 difficile
1746 780 1872 823 ratio—

163 870 260 896 nem
281 854 618 897 inconsuetorum
637 865 826 907 aestuum,
847 857 918 912 qui
937 856 1088 911 passim
1108 856 1152 897 in
1171 855 1297 896 variis
1314 852 1520 910 portubus
1537 853 1873 894 animadvertun-

162 936 245 977 tur,
281 927 470 970 indicare
499 935 623 984 atque
656 929 888 985 explicare3
930 929 1201 984 quamobrem
1230 927 1358 983 hujus
1389 927 1554 984 generis
1586 924 1880 980 phaenomenis

115 1014 118 1016 ·
163 996 420 1052 explicandis
449 996 604 1040 diutius
633 1013 718 1040 non
747 999 1031 1049 immoramur,
1060 997 1158 1041 cnm
1176 993 1453 1040 consideratio
1469 996 1655 1038 littorum
1675 1002 1724 1037 et
1735 993 1873 1036 fluxas
1902 997 1906 999 ’

163 1080 286 1124 aquae
304 1070 357 1108 eo
379 1077 526 1123 sponte
545 1069 661 1124 quasi
679 1068 948 1111 manuducat-

220 1144 252 1194 §.
277 1146 371 1183 116.
404 1141 606 1190 Quamvis
625 1149 763 1182 autem
782 1149 870 1182 tam
886 1140 1209 1198 affluxusaeqvoe
1222 1155 1277 1183 ex
1297 1141 1469 1183 Oceano
1490 1140 1716 1188 Atlantico,
1747 1134 1874 1194 quam

161 1212 345 1253 refluxus
374 1227 450 1267 per
472 1212 642 1253 Fretum
665 1212 846 1254 Galliam
874 1212 932 1254 ab
958 1210 1113 1269 Angk‘a
1142 1214 1352 1262 dirimens,
1382 1212 1540 1269 ingenti
1560 1212 1635 1252 fiat
1652 1210 1873 1259 celeritate,

160 1293 306 1326 tamen
336 1283 433 1325 cum
461 1282 603 1325 versus
634 1283 829 1340 Belgium
855 1281 1103 1325 saniei-atum
1130 1297 1245 1324 mare
1263 1298 1364 1324 mox
1383 1283 1648 1324 vehementer
1666 1281 1874 1331 dilatetur,

161 1359 214 1400 ab
234 1359 316 1400 isto
335 1359 498 1399 alterno
515 1358 641 1408 fluxu
655 1372 704 1399 ac
722 1358 885 1399 refluxu
905 1357 1080 1399 altitudo
1104 1358 1229 1399 maris
1249 1359 1293 1398 in
1315 1357 1490 1399 Oceano
1509 1356 1762 1399 Germanico
1783 1369 1876 1397 sen-
1934 1359 1937 1365 “

162 1431 333 1473 sibiliter
361 1430 519 1472 mufflri‘
540 1431 698 1486 nequit.
759 1430 900 1486 Atque
927 1429 1036 1471 hanc
1070 1431 1125 1471 ob
1160 1443 1325 1471 causam
1354 1428 1479 1471 statui
1513 1436 1690 1484 oportet,
1721 1428 1767 1469 in
1794 1427 1878 1468 hoc

162 1504 269 1545 mari
298 1512 447 1545 aesmm
475 1503 684 1559 proficisci
712 1502 936 1544 maximam
955 1510 1118 1558 partem
1137 1501 1193 1545 ab
1210 1500 1368 1543 affluxu
1387 1508 1430 1542 et
1447 1501 1611 1542 refluxu
1630 1515 1748 1556 aquae
1768 1500 1878 1541 circa

165 1577 364 1627 Samiam,
395 1576 468 1618 ubi
496 1574 815 1617 communicatio
842 1574 966 1631 hujus
994 1573 1122 1616 maris
1154 1587 1250 1616 cum
1285 1573 1458 1617 Oceano
1494 1572 1705 1615 Atlantico
1743 1571 1876 1612 multo

162 1648 293 1703 major
311 1655 442 1703 patet3
464 1660 588 1703 quam
608 1646 851 1687 sententiam
872 1657 1130 1703 magnopere
1146 1645 1366 1686 confirmat
1387 1645 1533 1701 ingens
1552 1652 1728 1685 aestuum
1748 1651 1877 1684 retar-

100 1726 101 1729 ’
168 1718 283 1760 datio
313 1717 369 1758 ad
396 1717 538 1758 littora
567 1716 704 1773 Belgii
731 1724 775 1758 et
803 1715 973 1773 Augnae
1000 1716 1215 1757 orientalia
1233 1716 1472 1757 observata:
1503 1715 1558 1756 ad
1587 1714 1692 1756 ostia
1721 1713 1878 1755 scilicet

163 1787 376 1829 Thamisis
393 1786 594 1843 pertingit
608 1787 749 1828 fluxus
761 1778 910 1842 elapsis
923 1787 1011 1842 jam
1026 1786 1246 1828 duodecim
1265 1785 1379 1827 horis
1398 1793 1494 1840 post
1507 1785 1728 1826 transitum
1742 1784 1878 1825 Lunae

164 1874 241 1914 per
260 1856 554 1908 meridianum,
575 1865 703 1914 atque
718 1857 959 1900 Londinum
974 1873 1105 1914 usque
1119 1857 1251 1899 tribus
1266 1856 1352 1898 fere
1365 1856 1479 1897 horis
1498 1854 1657 1897 tardius
1673 1854 1854 1896 defertur
1866 1852 1882 1903 ;“

167 1927 282 1985 quod
311 1927 619 1983 phaenomenon
648 1928 871 1969 consistere
898 1942 984 1968 non
1012 1935 1152 1982 posset
1180 1928 1214 1968 si
1243 1942 1350 1982 aqua
1368 1941 1445 1981 per
1474 1927 1645 1968 Fretum
1667 1925 1879 1967 Gallicum

165 1999 306 2041 solum
325 2007 578 2049 moveretur,
595 1997 690 2040 cum
699 1999 788 2054 jam
802 1999 846 2039 in
860 1984 950 2053 ipso
966 1998 1091 2039 Freto
1110 1997 1329 2039 duodecim
1347 1996 1461 2037 horis
1481 1995 1715 2037 retardetur
1725 1996 1876 2036 fluxus.

170 2072 345 2114 Interim
376 2079 516 2113 tamen
547 2071 691 2127 negari
722 2086 808 2112 non
838 2078 975 2125 potest
1003 2071 1103 2126 quin
1132 2069 1450 2111 communicatio
1480 2068 1615 2110 Maris
1637 2068 1879 2110 Germanici

166 2160 266 2187 cum
282 2146 456 2188 Oceano
472 2145 684 2187 Atlantico
702 2159 778 2200 per
800 2143 970 2185 Fretum
990 2143 1200 2185 Gallicum
1221 2150 1366 2184 aestum
1387 2141 1693 2198 quodammodo
1714 2140 1876 2190 afficiat,

169 2224 293 2272 atque
311 2217 474 2258 fluxum
494 2217 564 2272 qui
585 2217 693 2257 circa
715 2215 895 2258 Scotiam
915 2213 1132 2256 advehitur
1152 2214 1216 2255 vel
1236 2214 1400 2269 adjuvet
1419 2213 1485 2254 vel
1504 2212 1656 2262 turbet,
1686 2220 1812 2267 prout
1831 2211 1879 2252 hi

168 2288 293 2329 ambo
311 2296 448 2329 motus
468 2288 522 2329 ad
542 2302 656 2329 mare
676 2286 920 2328 elevandum
939 2300 988 2327 ac
1007 2284 1324 2340 deprimendum
1344 2283 1408 2324 vel
1428 2283 1560 2340 magis
1580 2283 1688 2324 inter
1709 2297 1755 2324 se
1775 2297 1874 2323 con-

169 2361 329 2415 spirent
347 2360 413 2401 vel
432 2361 581 2402 minus.
643 2360 776 2402 Simul
794 2368 931 2401 autem
950 2358 1048 2399 hinc
1068 2357 1309 2414 intelligitur
1322 2365 1471 2398 aestum
1489 2355 1613 2397 maris
1634 2370 1688 2396 ex
1707 2354 1878 2397 Oceano

173 2431 385 2472 Atlantico
412 2446 548 2487 neque
577 2446 671 2472 cum
700 2430 814 2472 Mari
845 2430 1156 2487 Mediterraneo
1175 2443 1310 2484 neque
1329 2442 1424 2469 cum
1446 2426 1559 2469 Mari
1585 2425 1746 2467 Baltico
1766 2441 1879 2467 com-

171 2503 373 2544 municari
402 2518 535 2559 posse,
568 2502 663 2544 cum
681 2502 896 2544 intervallo
917 2517 989 2543 sex
1009 2501 1206 2543 horarum
1226 2514 1302 2555 per
1323 2499 1449 2540 Freta
1470 2496 1685 2539 Herculea
1703 2503 1745 2537 et
1766 2495 1874 2538 Ore-

172 2574 345 2615 sundica
358 2582 517 2616 tantum
530 2590 650 2630 aquae
666 2575 709 2615 in
721 2574 813 2615 haec
828 2573 960 2614 maria
970 2587 1106 2628 neque
1118 2571 1286 2613 affluere
1299 2577 1422 2625 queat
1432 2582 1567 2624 neque
1582 2566 1678 2608 inde
1690 2566 1878 2617 refluere,

172 2654 219 2687 ut
231 2645 431 2687 sensibilis
450 2647 623 2688 mutatio
642 2647 686 2687 in
706 2646 924 2688 altitudine
943 2660 1062 2701 aquae
1074 2644 1174 2686 oriri
1193 2650 1328 2699 queat.
1369 2640 1654 2691 Quamobrem
1672 2639 1715 2680 in
1735 2639 1874 2680 istius-

173 2715 288 2758 modi
315 2716 497 2756 maribus
517 2730 610 2772 quae
630 2733 656 2758 a
674 2725 790 2758 vasto
809 2730 964 2758 oceano
993 2724 1154 2757 tantum
1173 2713 1358 2771 angustis
1376 2712 1489 2753 fretis
1510 2718 1765 2766 separantur,
1797 2724 1876 2751 aes-

173 2797 241 2830 tus
263 2789 434 2829 omnino
452 2788 589 2830 nullus
610 2790 848 2846 contingere
876 2797 1023 2844 potest,
1056 2790 1135 2830 nisi
1160 2788 1264 2829 forte
1283 2787 1381 2829 talia
1399 2786 1529 2828 maria
1549 2785 1694 2827 Terris
1720 2782 1880 2825 inclusa

174 2860 267 2914 ipsa
285 2867 371 2900 tam
393 2859 474 2899 sint
494 2858 644 2913 ampla,
665 2868 715 2901 ut
732 2861 839 2901 vires
862 2860 969 2902 Solis
989 2873 1038 2900 ac
1059 2859 1194 2900 Lunae
1213 2865 1360 2899 aestum
1378 2856 1630 2912 peculiarem
1649 2855 1693 2896 in
1711 2854 1763 2895 iis
1779 2867 1878 2909 pro-

176 2930 328 2971 ducere
348 2937 522 2985 queant3
552 2929 632 2985 qua
653 2930 705 2971 de
723 2946 769 2972 re
790 2946 891 2973 mox
909 2930 1151 2971 videbimus.

233 3004 265 3053 §.
290 3006 384 3045 117.
417 3000 781 3050 Quemadmodum
810 3011 948 3045 autem
976 3002 1153 3044 vidimus
1183 3001 1226 3043 in
1257 3001 1370 3043 Mari
1393 2999 1644 3043 Germanico
1672 2998 1880 3054 duplicem
