2092 3470
257 217 339 253 340
477 219 481 222 ’
582 206 938 259 INQUISITIO
971 206 1243 249 PHYSICA
1273 206 1340 248 IN
1372 206 1630 270 CAUSAM

256 330 507 379 observatur,
545 335 586 369 et
614 327 685 383 qui
714 326 757 367 in
785 325 875 390 ipso
904 325 984 366 hoc
1013 323 1118 364 mari
1146 329 1378 379 generatur.
1442 321 1570 365 ‘Cfim
1599 322 1710 364 enim
1736 323 1954 381 longitudo

253 401 376 457 hujus
405 401 528 441 maris
556 415 610 440 ne
640 406 695 441 60
724 398 890 454 quidem
919 397 1071 454 gradus
1093 396 1279 452 attingat,
1311 403 1436 437 aestus
1457 403 1579 437 erunt
1598 395 1730 437 multo
1749 396 1952 447 minores3

253 472 495 514 decrescunt
514 470 623 512 enim
644 470 678 510 si
698 468 792 511 cum
811 467 1026 525 longitudo
1042 466 1307 516 diminuatur,
1329 473 1418 506 tum
1441 465 1612 507 elevatio
1633 467 1719 522 poli
1739 474 1952 523 augeatur.

255 543 384 594 Quod
410 544 443 584 si
473 557 572 599 ergo
601 542 644 582 in
673 541 737 582 his
756 540 940 581 formulis
960 538 1134 595 angulus
1157 537 1209 579 M
1231 537 1267 579 P
1288 537 1331 579 N
1351 546 1532 593 ponatur
1552 537 1636 579 fere
1657 545 1712 580 60
1732 538 1952 595 graduum,

252 624 375 673 atque
404 615 576 657 elevatio
603 614 688 669 poli
717 613 854 654 debita
882 611 1179 660 introducatur,
1216 610 1476 665 reperientur
1510 611 1676 667 quidem
1711 619 1833 653 aestus
1863 611 1953 652 bini

253 687 435 742 quotidie
464 685 627 727 evenire
656 683 818 734 debere,
849 683 920 738 qui
948 691 1086 723 autem
1114 681 1242 722 futuri
1271 681 1354 722 sint
1378 680 1509 722 multo
1530 681 1722 732 minores,
1754 681 1878 738 quam
1907 681 1952 722 in

252 759 389 799 medio
418 757 533 807 mari,
564 764 606 797 et
632 755 818 810 pluribus
847 753 1059 794 anomaliis
1090 752 1273 807 subjecti,
1305 767 1405 808 quas
1437 751 1605 807 quidem
1634 766 1776 793 omnes
1797 766 1850 793 ex
1868 751 1954 792 for-

251 829 372 870 mulis
401 828 572 870 definire
601 825 751 866 licebit.
812 823 1021 871 Quoniam
1042 837 1141 879 ergo
1160 830 1245 863 tam
1266 823 1406 879 exigui
1426 831 1552 864 aestus
1573 838 1597 863 a
1617 823 1747 864 ventis
1768 830 1810 864 et
1829 837 1953 864 cursu

250 915 381 956 aquae,
404 900 474 955 qui
493 899 535 939 in
555 897 636 938 hoc
657 895 760 935 mari
780 893 970 934 notabilis
990 892 1326 947 deprehenditur,
1349 892 1614 934 vehementer
1633 893 1866 944 turbantur,
1897 893 1952 935 ad

248 971 442 1026 pleraque
471 969 608 1010 littora
637 966 759 1020 hujus
788 963 913 1005 maris
947 963 1016 1004 vix
1050 978 1225 1020 usquam
1258 970 1382 1005 aestus
1418 963 1617 1020 regularis
1653 963 1952 1006 observabitur.

251 1041 403 1095 Excipi
429 1047 566 1081 autem
588 1036 711 1077 debet
732 1034 856 1076 Mare
876 1032 1148 1083 Adriaticum,
1179 1033 1290 1089 quod
1315 1033 1410 1074 cum
1431 1034 1566 1074 sinum
1585 1034 1735 1076 formet
1753 1033 1950 1089 amplum,

248 1110 533 1152 advenientem
562 1121 710 1162 aquam
737 1103 883 1146 melius
913 1104 1090 1160 colliget,
1122 1111 1245 1159 atque
1275 1103 1542 1146 elevationem
1568 1104 1700 1146 multo
1721 1104 1953 1147 sensibilio-

248 1197 335 1223 rem
364 1180 560 1236 parietur,
602 1193 626 1218 a
648 1187 739 1233 'quo
773 1183 897 1217 aestus
930 1175 1052 1215 maris
1081 1173 1267 1215 venetiis
1303 1173 1540 1215 observatus
1575 1176 1776 1232 originem
1810 1175 1950 1218 habet.

249 1253 435 1296 Tametsi
464 1251 574 1292 enim
610 1248 732 1291 Mare
772 1246 1127 1288 Mediterraneum
1159 1259 1244 1285 non
1275 1244 1421 1295 solum,
1459 1246 1555 1286 satis
1590 1246 1769 1300 amplam
1798 1245 1951 1289 habeat

246 1325 517 1374 latitudinem,
549 1321 622 1363 sed
652 1317 1065 1362 etiam”vehementer
1093 1316 1355 1372 inaequalem,
1387 1323 1526 1358 tamen
1553 1316 1756 1372 ejusmodi
1774 1318 1952 1360 marium

246 1406 370 1440 aestus
404 1395 629 1438 admodum
663 1390 864 1448 exquisite
895 1405 949 1432 ex
982 1389 1178 1444 praesenti
1211 1403 1320 1439 casu,
1365 1404 1448 1446 quo
1486 1390 1744 1431 latitudinem
1778 1390 1949 1432 omnino

245 1468 507 1526 negligimus,
532 1464 671 1521 colligi
691 1470 838 1518 potest,
856 1461 953 1517 quia
967 1460 1153 1501 extensio
1172 1460 1296 1500 maris
1316 1460 1359 1501 in
1379 1460 1679 1517 longitudinem
1698 1451 1953 1517 praecipuam

246 1554 411 1582 causam
445 1545 619 1579 aestuum
652 1535 846 1596 binorum
880 1530 1052 1588 singulis
1087 1530 1232 1572 diebus
1267 1531 1541 1573 evenientium
1575 1532 1770 1583 continet,
1814 1547 1950 1589 neque

246 1610 432 1653 extensio
451 1606 676 1649 latitudinis
696 1604 870 1646 multum
891 1602 1086 1645 conferat.

301 1686 332 1735 §.
357 1685 449 1722 129.
485 1678 693 1720 Ponamus
722 1689 833 1716 nunc
862 1671 1016 1714 tractus
1043 1671 1176 1712 nostri
1204 1672 1328 1713 maris
1358 1672 1658 1730 longitudinem
1687 1688 1943 1726 evanescere,

242 1755 459 1807 totumque
488 1757 664 1791 tractum
694 1748 738 1787 in
767 1746 914 1787 eodem
943 1744 1171 1785 meridiano
1202 1744 1239 1786 P
1257 1759 1287 1799 p
1316 1745 1368 1785 ab
1399 1745 1452 1787 M
1479 1761 1608 1803 usque
1628 1746 1682 1788 ad
1703 1746 1745 1788 N
1765 1745 1959 1798 extendi,

244 1826 303 1867 ita
325 1832 371 1865 ut
399 1823 451 1863 sit
482 1820 534 1862 M
553 1839 599 1855 =
619 1826 659 1868 O,
690 1832 733 1858 m
752 1836 796 1852 =
822 1822 839 1857 1
860 1832 871 1865 3
903 1816 1014 1856 sinus
1034 1822 1171 1855 autem
1194 1813 1276 1855 ele-

245 1894 417 1939 vationis
437 1892 522 1947 poli
551 1891 594 1930 in
617 1889 668 1931 M
689 1889 740 1931 sit
758 1907 804 1924 =
827 1887 876 1938 P,
908 1887 1071 1928 cosinus
1091 1905 1136 1927 =
1156 1900 1198 1940 p,
1229 1886 1273 1926 in
1601 1921 1644 1948 P
1808 1912 1809 1915 ,
1975 1923 1979 1926 ⁶

246 1970 289 2011 N
318 1965 417 2009 verb
437 1965 490 2005 sit
510 1963 623 2004 sinus
644 1960 881 2002 elevationis
910 1958 996 2014 poli
1014 1978 1060 1995 =
1083 1957 1138 2008 R,
1169 1958 1273 1999 cosi-

243 2055 321 2081 nus
340 2057 386 2074 =
406 2051 440 2077 r.
500 2034 569 2075 Ex
588 2032 651 2073 his
672 2033 710 2073 si>
728 2032 850 2073 Luna
869 2031 912 2071 in
933 2030 971 2072 L
990 2036 1195 2079 versetur,
1219 2029 1273 2070 ob
1943 2050 1948 2054 .

244 2114 284 2155 Α
313 2113 387 2153 sin.
418 2109 470 2152 M
492 2126 538 2143 =
570 2105 635 2156 M,
672 2105 750 2146 erit
788 2105 831 2144 in
867 2103 919 2145 M
949 2102 1121 2144 elevatio
1154 2116 1273 2158 aquae
1333 1964 1912 2232 ¹341

243 2226 368 2267 supra
401 2208 580 2250 libellam
620 2221 666 2239 ==
701 2172 1189 2283 ψ
1225 2205 1267 2249 ÷

244 2311 1282 2380 L(1—3.Q2)(P2÷PR÷R2)—Q
1549 2237 1616 2386 x

595 2393 620 2427 4
636 2386 665 2427 b
677 2384 693 2408 3
1147 2385 1174 2420 4
1189 2379 1218 2420 b
1231 2379 1248 2403 ³

247 2449 1324 2558 ÷ss(q2(3-P2-PR-RR)>‹
1589 2389 1662 2497 Χ

244 2562 1322 2676 (2TT—1)—-4-ssQ-q--I{(PSP2‘L³)-=2—²²5-,><
1668 2543 1692 2576 P

245 2737 601 2798 ((ttqq-QQ)
618 2732 706 2791 (R⁵z
724 2740 767 2784 ÷
788 2695 1940 2806 PR—2P⁹)÷QI}———Q.

246 2854 374 2905 Quod
394 2854 428 2895 si
447 2866 556 2894 nunc
579 2856 758 2906 ponatur
778 2846 880 2888 alter
900 2843 1099 2886 terminus
1129 2840 1172 2882 N
1201 2838 1305 2880 ultra
1326 2842 1576 2891 oequatorem
1595 2833 1737 2876 versus
1755 2842 1940 2892 austrum

245 2927 358 2976 situs,
390 2926 445 2966 ita
474 2933 520 2965 ut
550 2923 661 2964 sinus
690 2917 927 2962 elevationis
955 2915 1041 2971 poli
1074 2910 1259 2955 australis
1288 2908 1331 2949 in
1362 2907 1405 2948 N
1434 2905 1562 2961 duplo
1587 2906 1718 2961 major
1745 2905 1797 2948 sit
1815 2899 1941 2962 quam

245 2998 357 3038 sinus
380 2994 615 3036 elevationis
633 2990 809 3034 borealis
829 2989 873 3029 in
902 2987 967 3037 M,
999 3000 1070 3027 seu
1093 2983 1134 3025 R
1155 3001 1201 3019 =
1220 3004 1278 3013 —
1296 2983 1323 3021 2
1346 2978 1382 3020 Ρ
1402 2985 1443 3020 et
1461 2992 1483 3018 r
1501 2994 1547 3012 =
1576 2977 1617 3018 V
1643 2979 1682 3032 (1
1707 3001 1764 3009 -
1783 2983 1809 3018 4
1834 2977 1870 3020 P
1889 2976 1937 3030 2),

245 3069 322 3112 erit
342 3067 382 3108 R
394 3065 409 3089 ‘²
428 3071 470 3115 ÷
492 3065 528 3105 P
543 3065 582 3104 R
596 3088 652 3096 —-
665 3068 689 3104 2
706 3059 769 3104 Ρ2
788 3077 829 3099 =
848 3066 889 3110 0,
911 3065 1032 3114 atque
1051 3052 1223 3110 elevatio
1243 3064 1360 3107 aquae
1381 3049 1425 3090 in
1446 3047 1498 3091 M
1518 3061 1642 3103 supra
1661 3046 1843 3089 libellam
1862 3048 1942 3091 erit
