2092 3470
691 206 775 250 ET
805 205 1143 250 REFLUXUS
1174 206 1385 250 MARIS.
1806 212 1884 249 241

561 380 939 424 PROPOSITIO
967 378 1517 423 VIII.-PROBLEMA.

223 513 412 553 Invenire
431 512 693 554 variationem
712 511 893 554 ascenszis
915 525 1032 567 aquae
1051 513 1095 552 in
1114 512 1244 564 Prop.
1271 510 1312 552 V
1326 511 1495 564 definiti,
1530 525 1618 565 quae
1636 527 1685 553 ex
1698 510 1841 567 figurd

716 585 761 626 T
755 599 858 626 eme
875 582 1141 639 sphaeroidicd
1153 583 1356 637 provenit.

235 712 328 754 Sint
361 713 398 754 P
428 712 468 753 A
497 727 525 768 p
545 728 582 764 a,
619 711 655 754 P
687 712 725 754 B
753 727 783 767 p
810 713 841 754 b
869 713 1071 754 sectiones
1103 711 1250 754 Terrae
1278 726 1355 767 per
1383 711 1503 767 polos
1533 711 1569 753 P
1590 719 1631 753 et
1649 727 1690 767 p,
1714 727 1889 769 quarum

174 784 291 839 prior
325 792 507 825 transeat
534 798 610 839 per
638 783 730 824 loca
760 783 801 824 A
832 790 873 824 et
901 798 938 833 a,
968 782 1041 824 ubi
1070 783 1246 824 altitudo
1276 798 1395 840 aquae
1426 783 1469 824 in
1498 791 1709 839 aequatore
1732 783 1887 825 viribus

177 855 284 896 Solis
305 864 346 896 et
367 855 500 896 Lunae
520 854 568 896 fit
587 854 780 904 maxima,
804 853 1010 908 posterior
1028 868 1105 909 per
1123 853 1215 895 loca
1246 853 1284 895 B
1305 862 1347 895 et
1364 854 1393 895 b

174 924 246 966 ubi
275 924 322 966 fit
342 924 534 973 minima3
566 924 647 965 sint
666 924 733 964 hae
754 923 952 965 sectiones
973 923 1178 980 ellipticae,
1210 925 1246 965 F
1273 923 1388 966 focus

145 996 321 1054 'figurae
353 996 388 1038 P
419 997 459 1038 A
489 1012 519 1052 p
540 1013 576 1047 a,
609 996 632 1037 f
658 996 773 1038 focus
803 995 993 1037 sectionis
1030 996 1066 1038 P
1088 996 1126 1038 B
1155 1011 1183 1051 p
1211 996 1253 1046 b,
1290 1004 1331 1036 et
1348 1011 1388 1053 ,g

172 1070 287 1112 focus
309 1071 498 1112 sectionis
519 1070 560 1110 A
577 1069 614 1110 B
629 1085 654 1110 a
668 1069 709 1111 b.
754 1069 810 1110 Et
830 1069 864 1110 si
883 1084 1025 1110 omnes
1046 1069 1246 1110 sectiones
1268 1068 1388 1109 solidi

169 1157 246 1197 per
275 1150 429 1184 rectam
459 1143 500 1183 A
529 1158 554 1183 a
585 1150 843 1184 transeuntes
879 1150 1165 1197 supponantur
1197 1141 1387 1197 ellipticae

170 1213 328 1254 calculo
354 1213 457 1254 ihito
486 1228 566 1268 ope
599 1213 826 1255 Lemmatis
862 1213 916 1253 V.
949 1213 1180 1254 invenimus
1206 1213 1385 1269 gravita-

169 1292 253 1325 tem
282 1284 325 1324 in
354 1284 447 1325 loco
481 1284 519 1325 A
548 1282 691 1325 versus
721 1283 899 1324 solidum
918 1283 999 1324 hoc
1019 1283 1106 1324 fore
1126 1283 1179 1324 ad
1207 1283 1385 1340 gravita-

170 1362 254 1395 tem
283 1353 327 1394 in
357 1354 503 1395 eodem
531 1354 624 1394 loco
652 1352 794 1394 versus
815 1353 1020 1408 sphaeram
1040 1363 1183 1395 centro
1207 1354 1242 1395 C
1263 1368 1387 1408 super

985 1433 1009 1468 3
1029 1427 1064 1468 C
1082 1427 1118 1468 F
1133 1426 1149 1450 2
1172 1434 1213 1476 -1-
1236 1434 1259 1469 3
1277 1427 1312 1468 C
1327 1443 1356 1483 g
1371 1427 1388 1450 2

1081 1500 1132 1536 lo
1157 1495 1192 1536 C
1214 1496 1254 1535 A
1274 1493 1290 1516 2

249 1567 414 1611 9CF⁴
437 1576 480 1618 -ι-
503 1568 666 1610 6CF2
690 1578 723 1610 ><
750 1566 925 1625 Cg²÷
949 1566 1101 1625 9Cg¹
1137 1596 1200 1636 &c
1236 1594 1288 1635 qd
1387 1566 1509 1610 CA2
1599 1608 1608 1617 ,
1634 1593 1729 1634 etsi
1800 1593 1885 1635 avi-

239 1691 251 1693 V
569 1635 781 1677 560A⁴
1102 1625 1115 1645 ’
1203 1622 1247 1636 '‘
1311 1624 1609 1676 CBxCP'
1748 1608 1800 1650 gr

165 1715 229 1749 tas
259 1707 303 1748 in
331 1707 425 1748 loco
455 1706 507 1756 B,
542 1705 764 1747 definiatur
794 1706 916 1747 simili
945 1707 1117 1758 calculo,
1141 1723 1220 1763 ope
1240 1706 1426 1763 ejusdem
1447 1706 1674 1747 Lemmatis
1695 1714 1736 1748 et
1755 1707 1884 1748 schol.

168 1780 296 1836 Prop.
312 1779 371 1821 II.
394 1778 599 1820 constabit
618 1778 723 1819 ratio
742 1779 953 1835 gravitatis
973 1780 1017 1820 in
1033 1781 1074 1821 A
1090 1781 1143 1821 ad
1162 1779 1406 1837 gravitatem
1426 1778 1469 1818 in
1492 1778 1543 1828 Β,
1566 1785 1608 1819 et
1625 1793 1702 1833 per
1724 1778 1822 1820 Cor.
1841 1784 1881 1821 2.

169 1853 296 1908 Prop.
319 1852 355 1894 I.
377 1853 605 1893 innotescet
624 1851 1043 1894 semi-diametrorum
1066 1853 1101 1895 C
1120 1854 1160 1895 A
1177 1862 1218 1895 et
1235 1853 1271 1895 C
1288 1853 1325 1895 B
1342 1852 1574 1893 differentia
1591 1853 1675 1894 sive
1690 1868 1884 1896 ascensus

166 1938 297 1979 aquae.
358 1921 519 1964 Verum
539 1922 743 1964 calculum
764 1922 906 1978 utpote
926 1925 1136 1979 prolixum
1156 1926 1398 1975 omittimus,
1420 1923 1516 1965 cum
1538 1925 1590 1965 sit
1609 1926 1750 1983 exigui
1770 1926 1881 1969 usfis.

168 1994 269 2037 Hfic
300 1995 590 2050 Propositione
619 1996 837 2036 ostendere
857 1996 1018 2038 tantum
1038 1999 1150 2039 volui
1179 1999 1451 2055 geometriam
1470 1999 1591 2039 nobis
1610 2014 1696 2040 non
1717 2000 1882 2041 defutu-

165 2084 256 2111 ram
283 2069 328 2110 in
359 2068 622 2109 Problemate
650 2067 920 2109 celeberrimo
949 2069 1252 2111 accuratissime
1280 2070 1509 2112 tractando.
1568 2069 1728 2112 Verum
1755 2079 1882 2114 restat

166 2139 403 2197 praecipuus
423 2139 467 2180 in
486 2138 565 2180 hac
585 2137 868 2194 disquisitione
887 2139 1035 2191 nodus,
1059 2141 1112 2182 de
1132 2156 1215 2197 quo
1235 2155 1369 2195 pauca
1389 2149 1484 2183 sunt
1503 2141 1705 2182 addenda.

168 1452 418 1499 diametrum
439 1454 481 1495 A
493 1468 518 1494 a
536 1452 786 1508 descriptam
806 1461 853 1494 ut
873 1459 889 1495 1
916 1460 958 1502 -f-

174 1601 218 1644 -Ι-

564 2295 945 2339 PROPOSITIO
975 2297 1480 2340 IX.-—PROBLEMA.

562 2428 751 2470 Invenire
769 2430 847 2470 vim
867 2429 1000 2470 Lunae
1021 2430 1079 2470 ad
1099 2445 1208 2471 mare
1234 2430 1473 2470 movendum.

225 2555 336 2597 Haec
365 2566 418 2597 ex
446 2557 626 2598 motibus
647 2557 882 2599 coelestibus
904 2557 1042 2615 colligi
1069 2558 1226 2614 nequit,
1250 2557 1283 2598 si
1303 2557 1402 2599 vero
1423 2556 1660 2598 conferetur
1680 2568 1875 2596 ascensus

166 2642 285 2683 aquae
316 2626 360 2666 in
391 2628 565 2684 syzygiis
599 2629 877 2679 luminarium,
915 2630 986 2685 qui
1025 2644 1080 2671 ex
1119 2628 1278 2671 summa
1319 2629 1467 2670 virium
1511 2628 1619 2671 Solis
1660 2635 1702 2668 et
1740 2627 1876 2669 Lunae

163 2705 404 2754 generatur,
436 2711 531 2738 cum
559 2700 743 2754 ejusdem
773 2714 945 2741 ascensu
973 2701 1020 2740 in
1050 2701 1324 2756 quadraturis,
1346 2701 1417 2756 qui
1438 2715 1489 2741 ex
1511 2699 1738 2740 earundem
1757 2699 1876 2742 diffe-

165 2770 298 2811 rentia
317 2769 461 2819 oritur,
484 2785 536 2810 ex
556 2772 596 2810 vi
618 2772 724 2813 Solis
743 2787 820 2827 per
843 2773 969 2827 Prop.
992 2773 1045 2814 V.
1067 2773 1176 2823 data,
1205 2772 1435 2814 invenietur
1457 2773 1521 2812 vis'
1538 2771 1686 2812 Lunae.
1747 2772 1876 2814 Hanc

165 2843 314 2898 quaerit
343 2843 571 2883 Newtonus
600 2858 652 2884 ex
680 2844 1034 2886 observationibus
1053 2861 1077 2886 a
1100 2846 1210 2887 Sam.
1236 2845 1420 2886 Sturmio
1440 2852 1535 2885 ante
1556 2844 1708 2884 ostium
1740 2831 1876 2884 Fluvii

167 2915 329 2955 Avonae
358 2915 566 2964 institutis,
598 2930 652 2955 ex
680 2917 827 2971 quibus
849 2918 1006 2974 colligit
1025 2933 1239 2959 ascensum
1260 2932 1379 2972 aquae
1404 2918 1446 2957 in
1467 2918 1643 2973 syzygiis
1664 2917 1875 2973 aequinoc-

164 2987 329 3029 tialibus
358 3003 448 3030 esse
477 2988 531 3029 ad
559 3003 772 3030 ascensum
792 3006 910 3046 aquae
939 2991 982 3031 in
1003 2991 1264 3047 quadraturis
1284 2990 1443 3039 iisdem,
1473 2998 1520 3030 ut
1540 2997 1565 3032 9
1587 2990 1640 3031 ad
1661 2996 1700 3032 5.
1761 2990 1875 3031 Dein

165 3069 260 3116 post
278 3061 412 3103 varios
433 3061 614 3103 calculos
635 3062 846 3104 concludit
866 3064 948 3104 vim
965 3064 1100 3105 Lunae
1113 3078 1201 3105 esse
1217 3062 1270 3104 ad
1285 3062 1368 3103 vim
1391 3062 1512 3112 Solis,
1534 3069 1581 3103 ut
1594 3068 1747 3104 4.4815
1765 3063 1817 3102 ad
1837 3067 1873 3111 l,

985 3133 1008 3164 S
1029 3137 1049 3163 8
