2092 3470
542 196 797 242 FLUXUS
826 199 909 242 AC
943 197 1280 244 REFLUXUS
1310 200 1522 245 MARIS.
1798 207 1881 244 283

171 317 263 353 tore
291 312 453 363 existat,
484 312 551 354 vel
581 313 730 354 Terrae
759 313 877 356 locus
898 314 974 355 sub
995 321 1204 370 aequatore
1224 315 1276 355 sit
1296 315 1410 366 situs,
1442 316 1580 357 fluxus
1600 315 1724 357 maris
1744 315 1883 356 diurni

171 397 222 424 ac
241 384 434 424 nocturni
461 392 584 424 erunt
603 384 853 440 inaequales3
883 385 1155 426 luminaribus
1174 393 1311 426 autem
1340 386 1383 426 in
1403 389 1612 443 aequatore
1631 386 1879 438 extantibus,

167 486 342 536 utraque
361 484 480 536 aquae
501 474 675 522 elevatio
695 480 767 522 fiet
784 495 860 536 per
881 481 1058 536 spatium
1070 499 1117 516 =
1134 487 1158 523 3
1174 495 1203 536 p
1217 495 1246 535 p
1266 456 1389 562 (ᾗ
1415 487 1458 530 -Ι-
1482 457 1581 564 ἐς
1613 513 1623 523 .

222 598 254 647 §.
277 600 345 637 54.
381 596 444 638 Ut
471 578 585 638 nunc
605 597 648 637 in
669 595 851 646 effectus,
883 611 987 652 quos
1014 596 1088 638 Sol
1117 604 1159 637 et
1187 595 1311 637 Luna
1338 595 1383 635 in
1404 596 1664 650 quadraturis
1685 598 1751 639 siti
1779 613 1879 640 con-

150 674 155 679 '
161 665 342 719 junctim
370 667 623 721 producunt,
655 668 935 723 inquiramus3
965 681 1181 721 ponamus,
1213 681 1267 707 ne
1287 665 1468 706 calculus
1488 667 1662 707 nimium
1681 668 1754 709 fiat
1781 684 1880 723 pro-

162 737 286 789 lixus,
318 740 459 781 Solem
482 741 525 781 in
552 742 644 796 ipso
663 748 872 796 aequatore
891 739 1058 789 versari,
1091 739 1286 794 quoniam
1306 746 1395 779 tum
1421 738 1664 793 plerumque
1684 740 1878 781 minimus

163 819 291 852 aestus
324 811 579 854 observatur.
641 812 741 854 Hoc
775 811 912 866 itaque
946 825 1044 851 casu
1083 809 1191 866 Solis
1221 809 1442 850 declinatio
1470 809 1548 850 erit
1576 809 1703 859 nulla,
1742 811 1878 852 Lunae

162 881 262 922 verb
292 883 486 933 maxima,
521 899 646 940 quam
674 882 863 940 neglecta
891 882 1109 923 latitudine
1130 897 1384 923 assumamus
1415 887 1500 923 23⁰.
1523 883 1605 924 29‘.
1627 883 1742 937 cujus
1765 883 1877 924 sinus

162 955 215 996 sit
242 971 284 992 =
313 955 369 1005 Q,
402 956 567 998 cosinus
587 973 629 1010 ζ
648 971 688 1012 q,
723 953 858 1010 posita
891 954 972 995 hac
1001 954 1274 995 declinatione
1302 954 1472 995 boreali.
1544 955 1642 996 Jam
1673 969 1877 1010 ponamus

161 1027 328 1068 Lunam
357 1029 402 1069 in
430 1029 660 1076 meridiano
689 1028 733 1068 in
765 1026 818 1069 M
846 1028 1013 1078 versari,
1042 1043 1125 1083 quo
1154 1036 1340 1083 tempore
1373 1028 1446 1070 Sol
1465 1026 1544 1068 erit
1571 1028 1615 1069 in
1635 1028 1875 1079 horizonte3

164 1097 273 1139 unde
314 1097 410 1139 cum
449 1114 556 1154 aqua
595 1113 720 1154 supra
759 1106 911 1139 statum
948 1098 1178 1139 naturalem
1218 1099 1398 1140 elevetur
1431 1114 1457 1140 a
1496 1098 1619 1140 Luna
1658 1099 1876 1141 intervallo

161 1169 746 1277 ψ),
778 1212 804 1238 a
825 1197 921 1239 Sole
941 1195 1040 1239 vero
1059 1197 1314 1253 deprimatur
1332 1198 1551 1240 intervallo
1570 1173 1637 1281 228²
1648 1228 1678 1262 ³³
1695 1199 1748 1240 ab
1761 1198 1876 1241 utra-

1786 1313 1817 1355 S
1862 1354 1874 1363 .

159 1346 240 1387 que
260 1332 302 1372 vi
322 1318 575 1389 conjunctim
595 1334 822 1378 elevabitur
840 1352 916 1392 per
937 1337 1115 1392 spatium
1133 1310 1659 1419 ψῃ
1676 1361 1734 1369 -
1754 1369 1850 1421 2-83
1862 1370 1874 1379 .

159 1455 202 1488 at
222 1447 324 1488 dum
345 1448 469 1490 Luna
490 1450 568 1491 sub
587 1450 803 1494 horizonte
823 1453 876 1494 ad
897 1453 1172 1495 meridianum
1200 1452 1382 1508 appellit,
1414 1466 1521 1508 aqua
1541 1443 1768 1495 elevabitur
1795 1469 1874 1509 per

159 1547 336 1601 spatium
358 1523 931 1630 ψ)
952 1575 1009 1584 -
1028 1528 1115 1634 ΞΣ

1069 1610 1093 1635 a
1105 1603 1120 1617 ο

157 1661 344 1704 vationes
364 1661 588 1717 inaequales
608 1677 724 1704 more
745 1664 866 1706 solito
885 1666 1081 1717 medium,
1114 1667 1274 1722 eritque
1294 1665 1467 1708 elevatio
1487 1679 1607 1722 aquae
1626 1666 1763 1708 media
1791 1666 1872 1710 hac

703 1734 1597 1804 L(3p2q²÷3P⁹Q⁹—1)—-§-·

999 1808 1025 1843 2
1044 1804 1069 1844 b
1083 1805 1100 1826 ὃ
1494 1810 1519 1845 2
1534 1820 1558 1845 a
1568 1804 1585 1828 ³
1848 1856 1851 1859 Δ

155 1873 258 1914 vero
279 1873 504 1930 continget,
527 1872 621 1914 cum
643 1873 765 1915 Luna
784 1872 1042 1915 horizontem
1063 1875 1249 1930 attinget,
1280 1890 1362 1930 quo
1383 1884 1570 1930 tempore
1593 1876 1665 1919 Sol
1683 1877 1727 1917 in
1746 1880 1870 1920 meri-

1121 1584 1132 1594 .
1187 1553 1383 1593 Sumatur
1402 1540 1511 1592 inter
1529 1551 1606 1592 has
1627 1552 1770 1593 ambas
1790 1553 1872 1595 ele-

159 1757 411 1815 quadraturfi
433 1758 624 1800 eveniens
638 1779 685 1796 =
1667 1763 1870 1807 Refluxus

157 1945 284 1986 diano
312 1944 504 2000 proxime
533 1945 777 1995 versabitur,
809 1960 864 1986 ex
883 1961 967 2002 quo
988 1947 1199 2001 depressio
1220 1948 1357 1988 totalis
1378 1962 1498 2003 aquae
1518 1949 1563 1989 in
1581 1950 1744 1990 refluxu
1764 1950 1871 1993 infra

156 2049 309 2084 statum
328 2041 560 2084 naturalem
579 2040 768 2097 proxime
790 2041 868 2084 erit
880 2063 927 2079 =
943 2016 1041 2124 ἐξ
1059 2066 1117 2073 -
1134 2017 1475 2124 ΒΔΞ-Ξδ-ᾞ
1489 2060 1499 2085 :
1546 2059 1673 2100 quare
1701 2061 1726 2086 a
1751 2032 1868 2089 fluxu

153 2171 286 2212 usque
325 2157 379 2198 ad
418 2156 738 2211 subsequentem
778 2155 984 2197 refluxum
1026 2169 1134 2210 aqua
1173 2153 1357 2195 subsidet
1402 2170 1479 2210 per
1521 2156 1782 2199 intervallum
1819 2179 1866 2198 =

155 2226 407 2282 3L(p2q²
428 2233 474 2275 -Ι-’
496 2224 751 2284 P-9Q2)-
772 2228 948 2293 ΞὲΡΡ,

174 2326 178 2329 .
357 2298 382 2334 2
403 2294 431 2334 b
450 2291 466 2329 ³?
804 2298 829 2333 2
846 2309 871 2334 a
886 2292 902 2316 3

210 2367 241 2417 §.
265 2369 333 2406 55.
380 2363 582 2413 Quamvis
617 2373 753 2406 motus
787 2365 912 2405 maris
946 2364 1029 2406 hoc
1062 2366 1189 2407 modo
1222 2366 1454 2422 assignatus
1485 2367 1538 2408 ab
1569 2367 1715 2410 inertia
1744 2384 1863 2425 aquae

151 2436 329 2478 multum
358 2438 612 2489 immutetur,
644 2447 784 2480 tamen
815 2438 912 2493 quia
937 2438 1113 2490 eandem
1142 2438 1227 2479 fere
1246 2439 1514 2480 mutationem
1534 2447 1620 2480 tam
1638 2441 1861 2496 majoribus

152 2507 321 2548 aestibus
342 2508 467 2564 quam
486 2510 715 2551 minoribus
736 2509 871 2559 insert,
902 2509 998 2550 satis
1019 2508 1109 2550 tuto
1129 2524 1336 2550 assumere
1365 2525 1488 2564 posse
1507 2510 1696 2553 videmur
1715 2502 1859 2567 spatia,

150 2597 228 2638 per
250 2597 344 2639 quae
365 2599 470 2640 aqua
491 2586 601 2628 circa
620 2585 868 2641 aequinoctia
884 2583 979 2626 cum
998 2566 1187 2639 tempore
1206 2585 1423 2639 plenilunii
1443 2586 1527 2627 sive
1542 2585 1754 2636 novilunii,
1771 2584 1860 2628 tum

151 2654 276 2696 etiam
304 2662 492 2709 tempore
510 2656 855 2712 quadraturarum
875 2663 969 2696 actu
991 2655 1189 2705 ascendit,
1222 2656 1556 2710 expressionibus
1576 2656 1752 2697 inventis
1772 2671 1860 2699 esse

149 2724 488 2779 proportionalia.
548 2726 833 2776 Quamobrem
853 2726 887 2767 si
915 2726 959 2767 in
979 2726 1079 2767 dato
1103 2727 1250 2767 Terrae
1270 2726 1365 2767 loco
1385 2742 1438 2768 ex
1457 2726 1646 2781 pluribus
1666 2728 1859 2770 observa·
1875 2765 1877 2767 .

150 2795 332 2836 tionibus
370 2795 667 2837 determinetur
701 2797 880 2852 spatium
913 2796 1109 2848 medium,
1146 2811 1221 2851 per
1255 2797 1369 2852 quod
1401 2812 1516 2838 mare
1550 2813 1575 2838 a
1608 2798 1770 2840 refluxu
1803 2799 1858 2841 ad

150 2868 311 2909 fluxum
331 2868 529 2919 ascendit,
560 2877 746 2924 tempore
765 2871 1123 2927 aequinoctiorum,
1155 2879 1240 2911 tam
1269 2871 1312 2911 in
1330 2870 1568 2926 pleniluniis
1587 2872 1858 2914 noviluniisve

152 2937 275 2995 quam
304 2940 348 2980 in
378 2940 651 2996 quadraturis,
682 2957 826 2985 eorum
855 2943 962 2984 ratio
991 2943 1044 2984 ad
1076 2958 1166 2984 eam
1188 2958 1281 2998 quae
1300 2958 1354 2984 ex
1373 2943 1558 2985 formulis
1579 2946 1854 3001 consequitur,

150 3010 341 3067 proxime
363 3012 566 3054 'accedere
594 3012 775 3058 debebit.
838 3011 979 3070 Attiue
1006 3013 1105 3056 hinc
1124 3029 1176 3067 ex
1206 3013 1374 3056 definita
1404 3014 1483 3056 hac
1502 3015 1658 3057 ratione
1687 3031 1763 3072 per
1782 3016 1856 3056 ob-
