2092 3470
217 237 269 273 58
605 215 1056 271 PHILosoPfflAE
1087 216 1448 273 NATURALIS
1491 230 1587 283 [DE
1605 229 1766 273 Mum
1786 231 1908 272 sm.

218 341 427 384 Collioure
449 346 490 382 et
515 327 625 382 urbis
646 341 842 383 Dunkirk
862 350 950 383 erat
968 342 1173 398 graduum
1192 350 1286 384 octo
1306 351 1347 385 et
1368 344 1446 386 31'.
1471 346 1585 400 123⁰.
1646 344 1772 386 Unde
1792 358 1910 386 arcus

214 412 368 468 gradus
397 411 519 452 unius
546 411 686 466 prodit
703 412 1013 467 hexapedarum
1036 414 1327 455 Parisiensium
1347 419 1500 459 57061.
1562 415 1619 456 Et
1637 430 1691 456 ex
1708 415 1774 456 his
1793 429 1911 456 men-

215 483 320 524 suris
341 481 548 538 colligitur
567 482 745 524 ambitus
766 483 912 524 Terrae
930 483 1085 537 pedum
1107 484 1399 526 Parisiensium
1431 491 1698 536 123249600,
1729 493 1770 527 et
1790 486 1910 527 semi-

213 555 412 596 diameter
431 556 516 609 ejus
535 554 688 609 pedum
713 560 950 604 19615800,
973 563 1014 596 et
1031 555 1253 611 hypothesi
1272 557 1384 612 quod
1405 557 1539 598 Terra
1558 557 1608 599 sit
1627 558 1840 612 sphaerica.

269 626 321 668 In
339 626 555 668 latitudine
585 626 764 668 Lutetiae
795 626 1049 667 Parisiorum
1078 641 1228 682 corpus
1257 643 1384 684 grave
1411 636 1598 683 tempore
1617 630 1764 671 minuti
1785 630 1909 671 unius

212 699 382 740 secundi
401 698 588 741 cadendo
608 698 802 740 describit
821 698 947 753 pedes
971 698 1221 740 Parisienses
1245 705 1309 741 15.
1338 699 1422 757 dig.
1457 706 1494 741 1.
1514 699 1586 741 lin.
1618 703 1669 756 1}
1697 709 1744 742 ut
1772 716 1908 756 supra,
1942 702 1946 707 ’

211 771 294 826 (-Η-)
324 770 370 811 id
398 777 472 820 est,
502 769 629 810 lineas
659 769 812 821 2173Ξς.
876 768 1046 810 Pondus
1068 770 1250 824 corporis
1271 770 1514 812 diminuitur
1531 785 1606 825 per
1623 771 1787 826 pondus
1807 772 1911 813 aeris

209 839 441 881 ambientis.
501 839 543 894 (¹)
576 839 783 880 Ponamus
809 838 973 893 pondus
993 839 1188 880 amissum
1213 855 1302 881 esse
1320 847 1480 894 partem
1499 841 1757 882 undecimam
1779 841 1911 883 mille-

210 910 356 950 simam
383 908 578 964 ponderis
607 908 744 958 totius,
776 916 817 949 et
846 923 995 963 corpus
1016 909 1119 950 illud
1139 925 1264 966 grave
1284 910 1472 952 cadendo
1494 911 1538 952 in
1557 926 1686 953 vacuo
1707 912 1912 955 describet

206 981 464 1022 altitudinem
483 980 684 1021 linearum
705 984 816 1024 2174
837 987 1023 1034 tempore
1045 980 1193 1022 minuti
1213 981 1333 1022 unius
1354 982 1536 1023 secundi.
1638 1027 1643 1031 ,

269 1053 432 1106 Corpus
461 1051 506 1092 in
534 1051 687 1092 circulo
716 1051 770 1092 ad
798 1051 1034 1092 distantiam
1061 1051 1218 1106 pedum
1248 1058 1470 1095 19615800
1499 1069 1525 1094 a
1552 1060 1707 1104 centro,
1737 1053 1908 1111 singulis

208 1123 352 1165 diebus
374 1122 539 1163 sidereis
557 1122 757 1164 horarum
777 1127 845 1164 23.
864 1123 942 1164 56'.
960 1123 1027 1164 4‘'.
1044 1123 1303 1165 uniformiter
1322 1125 1536 1167 revolvens
1557 1134 1743 1181 tempore
1762 1127 1910 1168 minuti

207 1194 330 1234 unius
351 1192 518 1233 secundi
540 1192 601 1247 (m)
623 1191 826 1233 describet
845 1206 987 1233 arcum
1013 1193 1168 1247 pedum
1192 1199 1385 1245 1433,46,
1418 1197 1532 1251 cujus
1553 1196 1665 1237 sinus
1685 1211 1827 1238 versus
1848 1204 1911 1238 est

203 1263 362 1319 pedum
391 1267 645 1324 0,0523656,
681 1276 753 1303 seu
781 1261 983 1302 linearum
1013 1267 1209 1313 7,54064.
1273 1265 1324 1319 (¹²)
1356 1265 1540 1321 Ideoque
1559 1266 1632 1316 vis,
1664 1265 1744 1322 quii
1767 1267 1910 1323 gravia

204 1384 287 1414 inter
308 1383 531 1414 observationes
551 1383 607 1414 dnl-
626 1382 665 1413 de
681 1382 877 1422 Maupertuis
896 1384 1035 1413 observa.

204 1431 256 1455 tus
270 1425 323 1465 qui
334 1432 378 1455 est
395 1426 440 1456 10.
459 1426 491 1456 1'.
510 1426 574 1456 12⁰.
582 1425 777 1464 respondebit
785 1426 853 1455 hex.
865 1429 990 1457 58315:
1009 1429 1037 1456 1.

207 1468 302 1498 Unde
316 1467 429 1507 gradus
442 1468 500 1498 erit
513 1471 594 1499 5717
601 1469 656 1520 l}-

251 1520 297 1551 Ut
315 1520 418 1560 itaque
432 1531 521 1552 verus
535 1521 688 1552 dissensus
701 1519 780 1550 inter
794 1519 1035 1551 observationem

203 1561 249 1592 ill.
283 1563 401 1594 Cassini
425 1570 457 1594 et
481 1563 536 1597 dni.
570 1564 608 1594 de
646 1562 843 1600 Maupertuis
874 1563 1032 1600 habeatur,

203 1615 260 1645 fiat
280 1615 360 1646 sicut
381 1607 512 1658 57171}
533 1615 573 1647 ad
597 1606 747 1656 1255367}
766 1615 810 1645 ita
823 1625 906 1646 unus
919 1616 1034 1656 gradus

205 1657 245 1687 ad
264 1664 418 1698 quartum,
439 1659 613 1688 invenietur
633 1667 723 1687 arcus
745 1657 793 1687 20.
815 1657 870 1687 11’.
889 1658 957 1695 45”,
980 1659 1034 1698 qui

207 1699 273 1729 13¹¹.
291 1699 441 1730 duntaxat
449 1700 551 1731 differt
561 1702 599 1730 ab
616 1709 690 1730 arcu
703 1698 750 1729 20.
775 1699 832 1729 11’.
854 1699 919 1730 58”.
938 1710 1031 1740 quem

202 1741 248 1770 ill.
277 1742 423 1772 Cassinus
446 1742 635 1779 observavit;
668 1751 738 1782 quae
761 1740 932 1771 differentia
953 1743 1034 1772 inter

203 1788 337 1822 quatuor
357 1785 580 1814 observationes
600 1783 736 1814 coelestes
750 1789 781 1813 et
794 1793 952 1814 mensuras
971 1791 1032 1814 ter-

200 1831 311 1855 restres
342 1826 512 1863 distributa,
546 1826 682 1856 'efficeret
717 1825 927 1856 conclusiones
961 1827 1031 1856 uni-

203 1867 335 1898 formes:
361 1878 435 1908 ergo
454 1869 515 1898 illae
537 1868 760 1899 observationes
775 1868 891 1898 nedum
905 1868 985 1898 inter
999 1879 1031 1899 se

201 1916 353 1949 pugnent,
387 1911 424 1940 iis
452 1910 663 1940 differentiolis
697 1908 820 1940 tantum
849 1909 1029 1949 discrepent,

202 1961 273 1991 quoe
287 1951 511 1982 inevitabilibus
525 1952 732 1983 accidentibus
745 1952 905 1983 debentur.

247 1993 370 2023 Interea
388 1995 460 2024 satis
475 1995 570 2035 liquet
583 1994 667 2035 quod
681 1995 707 2024 si
721 1994 754 2023 in
767 2004 863 2024 unam
877 2004 1031 2025 summam

204 2035 427 2075 conjicerentur
439 2047 592 2067 mensurae
606 2037 650 2066 ill.
672 2036 791 2067 cassini
810 2036 904 2075 patris
917 2043 949 2067 et
962 2037 1028 2072 filii,

203 2076 423 2108 diminuendus
437 2085 514 2110 esset
528 2088 616 2109 arcus
630 2078 730 2108 totalis
748 2078 813 2109 12”.
826 2087 950 2117 propter
963 2088 1030 2108 cor-

203 2119 371 2154 rectionem
385 2122 582 2151 aberrationis
596 2121 682 2156 lucis,
705 2121 756 2150 cui
771 2120 903 2151 obnoxia
917 2126 962 2151 est
976 2122 1030 2151 ob-

203 2161 332 2191 servatio
352 2162 395 2192 ill.
418 2163 536 2193 Cassini
557 2163 624 2198 filii,
649 2168 680 2193 et
700 2172 857 2201 mensurae.
874 2169 1030 2194 terrestres

201 2203 303 2233 forent
329 2205 487 2244 augendae,
511 2206 584 2246 quia
608 2215 647 2236 ex
671 2205 879 2236 observatione
909 2205 964 2235 dni.
990 2205 1029 2236 de

205 2245 401 2284 Maupertuis
423 2247 546 2277 additur
574 2247 696 2286 pondus
723 2247 892 2278 rationibus
919 2247 1032 2288 quibus

202 2287 281 2317 inter
301 2288 379 2318 duas
399 2290 491 2319 series
515 2289 741 2330 triangulorum
771 2289 826 2320 dni.
856 2290 972 2320 Plcarti
995 2300 1031 2320 ea

202 2331 408 2368 praeponenda
418 2338 576 2362 censeatur
586 2341 680 2372 quam
697 2332 835 2362 Picartus
846 2332 1028 2372 praetulerat,

204 2377 234 2401 et
250 2382 343 2412 quam
364 2373 408 2404 ill.
430 2375 576 2405 Cassinus
590 2374 774 2414 neglexerat,
796 2374 860 2405 imo
874 2381 905 2404 et
920 2376 1029 2413 proba-

203 2413 263 2444 bile
278 2415 312 2444 fit
326 2425 441 2446 errores
454 2417 598 2446 minimos
612 2416 810 2451 inevitabiles,
830 2426 899 2446 eam
913 2416 946 2446 in
960 2427 1029 2455 par-

202 2461 264 2485 tem
281 2458 466 2496 conspirasse
483 2464 519 2488 ut
538 2468 626 2489 arcus
645 2458 774 2489 coelestis
787 2459 884 2498 major
899 2468 970 2489 vero
984 2459 1028 2489 vi-

203 2498 324 2529 deretur
343 2499 387 2530 ill.
409 2500 538 2531 Cassino
559 2506 590 2531 et
610 2510 764 2530 mensurae
785 2506 938 2531 terrestres
957 2510 1028 2530 vero

203 2541 333 2572 minores
345 2553 354 2579 ς
376 2543 487 2583 quibus
501 2543 645 2573 omnibus
659 2542 823 2581 perpensi&
839 2542 1028 2582 magnitudi-

203 2592 273 2612 nem
294 2584 387 2614 unius
408 2585 522 2625 gradus
537 2586 570 2614 in
585 2584 654 2616 450.
672 2584 723 2615 lat.
742 2583 851 2625 gradu,
870 2585 950 2614 circa
963 2594 1029 2614 me-

203 2625 290 2654 dium
310 2636 462 2657 mensurae
475 2637 495 2657 a
512 2627 640 2658 Cassino
659 2633 744 2664 patre
760 2626 908 2656 institutae
922 2632 1030 2656 rotun-

203 2666 250 2737 ἰζίς
271 2669 406 2699 numeris
420 2669 492 2700 satis
505 2668 574 2700 tut&
595 2672 708 2701 27100.
726 2669 796 2698 hex.
815 2668 930 2699 assumi
944 2678 1031 2707 posse

216 2716 307 2748 iquet.

247 2762 317 2803 (††)
334 2765 373 2793 Id
387 2769 438 2801 est,
453 2766 547 2796 lineas
562 2755 681 2807 2173}
729 2765 782 2795 Ex
797 2764 1031 2796 accuratissimis

204 2804 460 2836 observationibus
481 2807 537 2837 dm.
556 2807 594 2837 de
618 2807 742 2837 Mairan
761 2808 853 2849 (Cap.
875 2807 936 2838 VI.
957 2807 1028 2837 Lib.

206 2845 277 2875 111.
300 2845 351 2885 fig.
378 2848 479 2877 Terrae
505 2849 630 2879 determ.
650 2860 668 2880 a
696 2850 738 2880 D.
757 2850 796 2880 de
821 2849 1030 2889 Maupertuis)

205 2886 368 2927 longitudo
389 2890 515 2927 penduli
537 2891 575 2921 ad
597 2892 734 2933 singulas
750 2892 899 2922 secundas
913 2892 1033 2921 vibrans

204 2936 250 2959 est
276 2929 424 2959 linearum
448 2935 518 2962 440.
539 2937 588 2963 57.
619 2934 699 2970 hinc,
727 2933 799 2964 cum
818 2933 909 2974 juxta
936 2933 1028 2972 Prop-

206 2971 344 3002 XXVI.
388 2973 498 3003 Horol.
548 2975 653 3006 Oscill.
704 2976 815 3016 Hugh.
849 2975 890 3006 sit
929 2975 1035 3006 circuli

206 3014 450 3045 circumferentia
477 3015 516 3045 ad
545 3016 730 3049 diametrum
761 3024 797 3049 ut
828 3018 870 3049 1⁰.
896 3017 937 3048 ad
958 3023 1034 3048 tem-

1077 1396 1136 1424 pus
1160 1385 1322 1416 descensus
1346 1396 1401 1425 per
1425 1385 1584 1417 dimidiam
1609 1386 1805 1418 altitudinem
1832 1397 1911 1426 pnn-

1078 1427 1155 1465 duli,
1172 1428 1234 1457 sive
1248 1438 1301 1466 per
1315 1428 1411 1458 lineas
1426 1432 1497 1458 220.
1513 1429 1585 1470 28-ξ,
1601 1429 1662 1459 sint
1675 1428 1909 1469 vero‘quadruta

1077 1476 1255 1509 temporum
1268 1476 1305 1500 ut
1317 1470 1415 1509 spatia
1428 1469 1575 1501 descensu
1590 1471 1724 1501 verticuli
1738 1471 1775 1505 iis
1789 1477 1908 1510 tempo-

1077 1512 1162 1542 ribus
1177 1512 1335 1550 descripta‚
1351 1512 1408 1542 erit
1421 1516 1540 1552 Δ93696
1558 1513 1599 1543 ad
1619 1516 1632 1543 1
1694 1513 1907 1555 (Quadratum

1077 1554 1330 1584 circumferentiae
1351 1554 1390 1584 ad
1409 1555 1593 1595 quadratum
1608 1554 1749 1585 diametri
1768 1556 1812 1595 l.)
1828 1556 1908 1586 sicut

1076 1596 1208 1635 spatium
1233 1606 1297 1626 uno
1325 1597 1460 1627 secundo
1489 1597 1675 1636 descriptum
1704 1597 1745 1627 ad
1767 1597 1907 1639 2203Βὲ

1076 1638 1130 1668 lin.
1177 1638 1265 1678 Ergo
1288 1648 1397 1678 corpus
1421 1648 1513 1679 grave
1535 1639 1568 1668 in
1590 1639 1751 1670 latitudine
1771 1639 1906 1669 Lutetiae

1075 1686 1212 1719 tempore
1235 1680 1347 1711 minuti
1370 1681 1464 1710 unius
1489 1681 1616 1711 secundi
1640 1681 1782 1711 describit
1810 1682 1907 1711 lineas

1077 1725 1169 1754 2173.
1199 1725 1333 1753 631356.
1360 1721 1455 1762 paulo
1480 1723 1585 1753 minus
1609 1723 1703 1763 quam
1733 1723 1906 1753 Newtonus

1075 1765 1219 1805 assignat,
1249 1764 1316 1805 ejus
1343 1765 1507 1795 undecima
1534 1765 1698 1796 millesima
1729 1775 1799 1804 pars
1826 1764 1906 1796 foret

1075 1810 1226 1838 .197602.
1283 1807 1388 1842 Quare
1410 1807 1443 1837 id
1464 1817 1559 1848 grave
1587 1807 1620 1837 in
1645 1817 1743 1838 vacuo
1767 1806 1905 1838 cadendo

1073 1848 1254 1879 describeret
1268 1848 1462 1879 altitudinem
1477 1853 1570 1881 2173.
1589 1853 1725 1882 828958.

1117 1906 1158 1948 (¹)
1176 1908 1193 1927 ¹*
1212 1909 1369 1938 Ponamus
1393 1909 1515 1947 pondus
1539 1911 1695 1938 amissum.
1745 1907 1903 1943 Quoniam

1073 1959 1185 1988 corpus
1205 1949 1363 1990 quodlibet
1383 1949 1526 1987 ponderis
1540 1950 1588 1980 sui
1603 1957 1719 1988 partem
1736 1950 1850 1980 amittit
1869 1951 1902 1980 in

1074 1992 1142 2021 a'ere
1163 1991 1312 2031 aequalem
1333 1990 1462 2030 ponderi
1482 1991 1563 2030 paris
1585 1991 1750 2022 voluminis
1763 1992 1849 2028 aeris.
1873 1997 1905 2023 et

1073 2034 1237 2072 plumbum
1259 2039 1304 2063 est
1317 2033 1357 2063 ad
1372 2043 1460 2073 aquae
1473 2033 1653 2074 gravitatem
1674 2034 1846 2072 specificam
1867 2041 1904 2064 ut

1077 2078 1191 2110 11,545
1206 2075 1246 2105 ad
1263 2079 1364 2113 looo;
1387 2085 1466 2115 aqua
1483 2074 1555 2106 vero
1569 2075 1606 2106 ad
1622 2076 1724 2106 a‘e’rem
1737 2075 1831 2115 paulo
1844 2075 1903 2106 mi-

1073 2127 1133 2147 nus
1147 2117 1242 2158 quam
1266 2121 1348 2148 1000
1370 2117 1409 2148 ad
1431 2121 1459 2154 1,
1484 2118 1557 2148 hinc
1571 2118 1703 2159 gravitas
1715 2119 1836 2157 plumbi
1857 2125 1903 2149 est

1073 2159 1113 2190 ad
1137 2160 1317 2200 gravitatem
1342 2159 1419 2190 a'e'ris
1442 2158 1507 2190 fere
1531 2166 1567 2190 ut
1590 2163 1692 2191 11000
1716 2160 1756 2190 ad
1781 2164 1806 2196 l,
1829 2160 1902 2191 hinc

1074 2211 1148 2243 ergo
1169 2202 1334 2241 plumbum
1354 2202 1466 2232 amittit
1484 2202 1518 2232 in
1531 2202 1599 2233 a’e're
1613 2201 1756 2241 ponderis
1769 2202 1819 2233 sui
1833 2212 1902 2241 par-

1075 2250 1138 2274 tem
1163 2244 1360 2274 undecimam
1381 2243 1585 2281 millesimam,
1615 2244 1718 2284 itaque
1746 2244 1780 2273 in
1805 2254 1902 2275 vacuo

1073 2294 1205 2327 augetur
1226 2286 1348 2326 pondus
1366 2286 1485 2326 plumbi
1499 2292 1583 2325 parte
1597 2284 1763 2316 undecima
1776 2286 1902 2317 millesi-

1073 2329 1126 2359 ma
1146 2329 1288 2368 ponderis
1305 2329 1407 2363 totius,
1432 2329 1490 2358 hoc
1508 2334 1554 2358 est
1578 2328 1675 2367 spatia
1693 2328 1802 2358 eodem
1822 2336 1902 2359 tem-

1072 2381 1146 2410 pore
1165 2372 1315 2409 descripta
1335 2369 1500 2400 undecima
1521 2369 1685 2400 millesimi!¹
1706 2370 1799 2407 totius
1813 2371 1902 2410 spatii

1072 2413 1214 2453 descripti
1235 2419 1320 2452 parte
1340 2412 1446 2453 augeri
1472 2412 1603 2443 debent:
1630 2412 1684 2442 fiat
1703 2422 1778 2453 ergo
1800 2416 1903 2444 11000

1072 2466 1112 2497 ad
1129 2470 1227 2498 11001
1244 2471 1280 2496 ut
1294 2456 1403 2508 2175}
1418 2464 1457 2495 ad
1478 2470 1631 2505 quartum,
1655 2464 1734 2494 illud
1757 2471 1903 2506 quartum

1072 2509 1130 2539 erit
1155 2508 1314 2540 2173.966
1337 2517 1412 2548 ergo
1437 2507 1509 2546 poni
1531 2513 1631 2546 potest
1648 2505 1743 2547 quam
1763 2506 1903 2546 proxime

1061 2551 1205 2590 'spatium
1225 2557 1362 2589 tempore
1383 2549 1496 2579 minuti
1516 2549 1610 2579 unius
1624 2549 1750 2579 secundi
1770 2549 1903 2590 descrip-

1072 2600 1141 2624 tum
1161 2593 1195 2623 in
1216 2602 1313 2623 vacuo
1334 2603 1353 2622 a
1372 2592 1510 2631 plumbo,
1533 2589 1664 2631 ide6que
1683 2601 1703 2621 a
1723 2592 1830 2631 quovis
1842 2591 1904 2623 alio

1073 2645 1200 2674 corpore
1221 2634 1306 2675 gravi
1329 2636 1416 2676 (nam
1430 2633 1534 2663 omnia
1548 2633 1653 2673 gravia
1666 2633 1778 2674 aequali
1796 2633 1902 2665 celeri·

1074 2684 1136 2708 tate
1150 2678 1184 2707 in
1199 2687 1295 2707 vacuo
1309 2676 1438 2715 cadunt)
1454 2675 1606 2705 linearum
1622 2678 1715 2707 2174.

1119 2719 1173 2762 (¹¹¹)
1191 2721 1208 2739 ¹*
1225 2720 1380 2751 Describee
1394 2729 1504 2748 arcum
1515 2719 1583 2757 ped.
1633 2718 1822 2758 Computum
1842 2717 1903 2749 ini-

1074 2768 1126 2793 tur
1140 2762 1247 2792 eodem
1262 2759 1353 2800 plane
1367 2759 1460 2790 modo
1474 2770 1509 2790 ac
1525 2765 1587 2790 not.
1607 2763 1658 2790 63.

1118 2804 1164 2846 (¹¹)
1182 2806 1200 2823 ¹*
1219 2804 1349 2843 Ide6que
1369 2804 1422 2833 vis.
1470 2801 1560 2832 Vires
1582 2802 1750 2833 uniformes
1773 2807 1847 2833 sunt
1866 2809 1904 2834 ut

1075 2847 1172 2886 spatia
1186 2844 1257 2875 dato
1272 2852 1408 2884 tempore
1422 2844 1581 2883 descripta,
1600 2844 1654 2875 sed
1667 2850 1713 2874 est
1726 2844 1859 2884 spatium
1874 2845 1903 2876 vi

1075 2888 1230 2929 gravitatis
1244 2893 1380 2926 tempore
1394 2887 1493 2930 unius⁷
1502 2886 1615 2916 minuti
1630 2886 1756 2917 secundi
1770 2886 1902 2927 descrip-

1075 2938 1144 2961 tum
1160 2933 1251 2960 2174.
1270 2930 1323 2959 lin.
1342 2929 1476 2968 spatium
1492 2934 1596 2959 autem
1611 2928 1640 2958 vi
1657 2927 1830 2969 centrifugii
1848 2929 1903 2960 de-

1078 2973 1224 3011 scriptum
1240 2977 1276 3002 ut
1289 2971 1374 3002 sinus
1389 2981 1501 3007 versus,
1516 2971 1574 3000 hoc
1588 2975 1641 3005 est.
1656 2970 1711 3000 lin.
1731 2973 1760 3006 7,
1776 2975 1889 3002 54064,

1122 3017 1138 3035 ⁴*
1159 3014 1192 3045 Si
1205 3013 1329 3054 gradus
1347 3013 1508 3054 aequatoris
1529 3013 1569 3043 sit
1589 3011 1685 3053 major
1698 3014 1800 3044 57061
1817 3013 1901 3052 hex„
