2092 3470
273 207 355 243 304·
537 211 544 218 ·
599 201 953 252 INQUISITIO
984 200 1258 244 PHYSICA
1287 199 1356 242 IN
1389 200 1652 244 CAUSAM

270 320 336 361 vel
356 319 399 359 in
422 318 459 359 E
480 318 544 359 vel
564 319 608 359 in
630 318 674 360 G
691 318 758 361 vel
779 318 823 359 in
845 318 880 360 F
899 318 965 360 vel
985 318 1028 358 in
1051 318 1113 368 H,
1135 317 1216 358 hoc
1235 324 1308 368 est,
1329 318 1395 360 vel
1413 318 1458 359 in
1476 303 1692 360 liorizonte
1711 319 1777 360 vel
1796 319 1839 361 in
1859 319 1983 362 meri-

269 393 393 434 diano
409 408 418 432 ε
451 405 577 448 quare
599 389 694 432 cum
714 390 779 432 his
799 391 1052 446 temporibus
1072 405 1180 446 aqua
1198 389 1265 430 vel
1284 390 1462 432 maxime
1478 392 1528 433 sit
1543 391 1700 433 elevata
1714 391 1779 433 vel
1800 391 1982 434 maxime

269 465 476 519 depressa,
510 462 591 504 una
623 463 758 504 Lunae
777 463 1034 504 revolutione
1055 476 1162 516 aqua
1190 460 1255 501 bis
1277 460 1514 512 elevabitur,
1546 462 1692 518 bisque
1711 462 1979 518 deprimetur,

267 536 447 592 ideoque
478 535 566 577 bini
595 535 739 577 fluxus-
760 535 930 591 binique
949 534 1132 574 refluxus
1154 533 1406 590 contingent.
1468 534 1593 590 Aqua
1613 536 1779 591 quidem
1799 534 1980 578 maxime

267 609 345 650 erit
359 608 553 663 depressa
572 607 621 649 iis
641 607 739 663 ipsis
760 606 995 656 momentis,
1018 605 1167 661 quibus
1190 606 1314 648 Luna
1332 606 1387 648 ad
1404 606 1664 649 horizontem
1684 609 1866 664 appellit,
1888 618 1980 652 tum

266 706 377 747 enim
402 705 449 747 fit
469 720 551 747 cos.
573 711 599 747 2
620 719 643 745 z
669 721 711 743 =
741 710 788 754 13
823 711 945 760 atque
966 703 1146 758 spatium
1169 702 1206 744 C
1232 703 1270 745 B
1292 703 1370 744 erit
1397 719 1438 741 =
1466 718 1485 745 s
1514 720 1555 741 =
1582 681 1895 803 Ξ-(ἑῘ-...ἒὲἒς
1936 714 1980 750 at

262 820 444 861 maxima
464 819 638 862 elevatio
659 820 814 862 incidet
842 821 884 862 in
905 821 1016 876 ipsos
1038 821 1172 863 Lunae
1194 821 1390 863 transitus
1410 836 1487 877 per
1506 823 1796 874 meridianum,
1828 825 1976 881 quibus

262 925 324 959 est
344 932 425 959 cos.
449 923 474 958 2
495 931 517 957 z
544 926 586 956 =
612 942 670 949 —
693 922 740 958 1:
782 932 831 959 ac
861 925 950 959 tum
980 919 1155 961 altitudo
1178 918 1214 960 C
1237 918 1277 960 A
1308 918 1386 960 erit
1413 935 1454 957 =
1481 944 1538 953 -—
1558 934 1577 961 s
1605 936 1647 958 =
1673 897 1975 1018 ffl—ssj—Zigl}

265 1031 521 1086 Quanquam
552 1036 691 1088 autem
712 1017 811 1070 'haec
839 1039 1049 1072 momenta
1078 1046 1174 1072 cum
1202 1030 1456 1087 experientia
1485 1046 1571 1073 non
1592 1032 1689 1073 satis
1709 1033 1973 1087 conveniunt,

260 1111 397 1143 tamen
433 1116 482 1142 ea
501 1100 724 1157 hypothesi-
757 1108 949 1142 assumtae
983 1101 1106 1157 plane
1142 1110 1390 1159 congruunt,
1433 1103 1515 1159 qua
1549 1103 1765 1158 posuimus
1808 1103 1976 1147 Lunam

260 1174 389 1215 solam
420 1188 556 1229 agere,
591 1189 639 1215 ac
669 1173 871 1228 perpetuo
898 1174 941 1214 in
965 1175 1057 1229 ipso
1077 1183 1288 1231 aequatore
1308 1175 1474 1226 versari,
1497 1191 1550 1217 ex
1572 1191 1657 1233 quo
1675 1184 1798 1218 aestus
1820 1192 1863 1218 se
1883 1186 1975 1219 tan-

259 1244 355 1284 dem
386 1245 440 1285 ad
472 1259 676 1285 summam
708 1244 1016 1301 regularitatem
1048 1254 1270 1301 componat
1301 1261 1467 1288 necesse
1499 1255 1572 1288 est.
1634 1248 1763 1297 Quod
1794 1250 1829 1290 si
1863 1250 1974 1291 enim

260 1316 395 1357 Lunae
424 1316 645 1357 declinatio
675 1324 855 1371 ponatur
885 1316 1105 1367 variabilis,
1137 1325 1260 1374 atque
1293 1318 1366 1359 Sol
1397 1319 1567 1374 insuper
1595 1327 1703 1376 agat,
1739 1328 1863 1361 aestus
1886 1321 1975 1376 jam

258 1388 422 1429 formati
443 1387 644 1443 perpetuo
665 1388 956 1438 turbabuntur,
975 1402 1026 1428 ex
1043 1403 1126 1445 quo
1146 1389 1201 1429 ob
1216 1388 1536 1444 aequabilitatem
1557 1389 1752 1431 continuo
1773 1390 1975 1444 sublatam

259 1461 426 1502 effectus
455 1461 657 1502 tardiores
687 1459 921 1502 necessario
953 1461 1151 1517 consequi
1180 1461 1404 1502 debebunt.
1467 1462 1675 1504 Praeterea
1696 1477 1861 1518 quoque
1880 1463 1975 1504 nul-

257 1535 341 1575 lam
370 1534 507 1576 adhuc
535 1534 671 1576 motus
698 1535 822 1575 maris
850 1533 1115 1576 horizontalis
1141 1534 1361 1575 habuimus
1381 1534 1596 1585 rationem,
1621 1533 1715 1575 cum
1736 1534 1847 1575 enim
1867 1550 1976 1591 aqua
2038 1578 2047 1588 „

258 1607 312 1648 ad
341 1615 490 1648 aestum
517 1606 783 1648 formandum
802 1614 919 1647 motu
948 1605 1195 1647 horizontali
1224 1605 1424 1662 progredi
1443 1605 1605 1656 debeat,
1626 1605 1892 1660 perspicuum
1911 1613 1976 1648 est

256 1679 354 1735 hine
375 1680 696 1721 retardationem
715 1679 758 1719 in
778 1686 882 1719 aestu
904 1678 1002 1718 oriri
1023 1686 1226 1732 oportere.

314 1756 344 1805 §.
367 1758 434 1794 81.
468 1753 513 1794 Si
542 1767 660 1807 aqua,
692 1751 753 1792 uti
780 1751 823 1791 in
842 1750 1173 1804 praecedentibus
1198 1749 1415 1804 Capitibus
1435 1748 1667 1803 posuimus,
1690 1748 1836 1790 inertia
1858 1763 1971 1790 care—

255 1855 332 1899 ret,
355 1856 443 1889 tum
463 1848 570 1890 foret
584 1863 637 1890 ex
657 1848 888 1903 aequatione
908 1845 1040 1901 prima
1056 1845 1084 1887 d
1099 1861 1126 1887 v
1148 1862 1190 1884 =
1210 1870 1267 1878 —-
1281 1845 1309 1886 d
1324 1860 1343 1886 s
1358 1834 1444 1942 (ἐ-
1475 1851 1517 1895 ÷
1547 1825 1571 1859 3
1587 1833 1615 1874 y
1629 1834 1725 1926 §ll—
1742 1825 1800 1922 l)
1821 1859 1971 1926 perpe-

255 1988 326 2030 tuo
347 2004 365 2030 s
395 2005 435 2027 =
464 1962 803 2069 -g-(l—“Jl-ZQ
827 1987 923 2043 quia
942 2002 1051 2043 aqua
1070 1994 1160 2028 tum
1180 1985 1324 2043 quovis
1344 1991 1557 2026 momento
1578 1999 1673 2026 cum
1687 1984 1843 2026 viribus
1858 1986 1970 2028 solli-
2005 1983 2010 1988 ’

254 2106 474 2148 citantibus
502 2105 544 2145 in
566 2095 799 2159 aequilibrio
820 2105 1073 2157 consisteret.
1135 2103 1328 2145 Maxima
1356 2101 1486 2159 igitur
1505 2100 1716 2156 depressio
1736 2101 1859 2143 etiam
1878 2109 1966 2147 tum

255 2180 389 2221 Lunae
416 2176 664 2219 horizontali
694 2177 976 2231 responderet,
1009 2175 1105 2218 cum
1125 2183 1188 2218 est
1205 2191 1234 2232 y
1262 2192 1303 2213 =
1331 2181 1371 2225 Ο,
1393 2173 1580 2229 foretque
1601 2173 1780 2228 spatium
1799 2173 1967 2229 depres-

252 2278 378 2319 sionis
403 2277 438 2318 C
460 2276 512 2317 M
541 2293 581 2313 =
609 2265 663 2315 ,Ξ
676 2291 689 2324 3
720 2276 901 2317 maxima
920 2274 1019 2317 vero
1040 2274 1227 2324 elevatio,
1261 2288 1355 2329 quae
1376 2273 1485 2314 circa
1515 2272 1652 2314 Lunae
1673 2271 1893 2326 appulsum
1911 2272 1966 2313 ad

251 2418 523 2460 meridianum
545 2415 769 2472 continget,
793 2416 865 2457 fiet
883 2430 958 2470 per
978 2415 1157 2470 spatium
1182 2414 1218 2455 C
1236 2415 1278 2456 N
1305 2429 1346 2451 =
1373 2392 1462 2495 {hg}
1483 2413 1537 2454 ob
1551 2428 1580 2469 y
1602 2429 1644 2451 =
1667 2418 1704 2453 1.
1751 2411 1910 2462 ]Quare
1929 2413 1965 2455 si

251 2548 358 2590 aqua
386 2531 532 2574 inertia
563 2538 733 2581 careret,
764 2530 871 2572 foret
893 2515 1078 2585 ‘spatium
1107 2529 1160 2571 M
1182 2529 1236 2580 N,
1258 2543 1334 2584 per
1355 2527 1468 2584 quod
1488 2542 1594 2583 aqua
1613 2533 1730 2568 motu
1749 2526 1964 2583 reciproco
1997 2523 2000 2529 ’

250 2631 488 2689 agitaretur,
525 2646 565 2668 =
594 2609 706 2677 3—33
751 2629 898 2671 inertia
937 2636 1076 2669 autem
1114 2626 1292 2668 admissa
1331 2626 1574 2682 agitationes
1611 2626 1880 2681 perficientur
1917 2626 1962 2668 in

250 2772 382 2826 spatio
402 2772 558 2826 majore
580 2770 621 2811 A
643 2769 680 2811 B
709 2785 750 2807 =
774 2810 802 2851 h
819 2751 895 2864 (13
912 2759 973 2851 ,38
987 2798 1047 2865 g),
1086 2769 1201 2823 cujus
1237 2781 1427 2809 excessus
1463 2781 1588 2823 super
1620 2767 1799 2822 spatium
1835 2765 1888 2808 M
1918 2765 1962 2808 N

248 2909 326 2952 erit
354 2926 394 2947 =
429 2889 542 3004 1134
563 2898 713 3006 ἓξὲξ).
775 2907 996 2956 Quantitas
1025 2907 1163 2963 itaque
1192 2904 1317 2948 aestfis
1346 2906 1502 2961 pendet
1530 2921 1556 2948 a
1582 2906 1722 2948 valore
1741 2905 1889 2948 litterae
1907 2921 1959 2964 g3
2010 2926 2013 2928 ¹

253 3024 323 3081 qui
353 3022 520 3079 quidem
551 3037 714 3078 semper
744 3029 805 3063 est
834 3020 1122 3069 affirmativus3
1152 3034 1248 3060 nam
1269 3020 1303 3060 si
1323 3006 1477 3077 foret}
1503 3036 1546 3059 =
1573 3026 1613 3071 0,
1640 3019 1752 3076 quod
1773 3019 1908 3061 evenit
1926 3018 1962 3060 si
