2092 3470
211 244 214 247 ⁴
282 247 367 284 350
611 241 964 292 INQUISITIO
997 238 1276 283 PHYSIGA‘:
1297 236 1369 282 ΕΝ
1395 234 1651 282 CAUSAM

279 357 563 412 depressiones
584 371 702 412 aquae
730 371 806 412 per
831 364 964 398 totum
981 366 1097 397 mare
1116 353 1268 396 attente
1288 355 1622 396 considerentur:
1653 361 1739 396 tota
1759 354 1869 396 enim
1885 354 1978 395 haec

277 430 451 485 quaestio
469 429 691 484 pertinebit
711 429 766 470 ad
789 427 1125 485 hydrostaticam.

333 505 365 555 ᾗ.
405 507 498 543 114.
551 500 667 543 Cum
703 498 832 559 igitar
859 501 914 543 ad
947 501 1085 543 littora
1129 500 1312 554 Europae
1345 515 1453 555 aqua
1486 499 1635 540 elevari
1669 506 1859 555 nequeat,
1894 497 1976 539 nisi

276 574 451 616 affluxus
471 567 848 616 absooeffl'entefiat
868 574 1073 629 copiosus,
1104 573 1159 614 ad
1184 572 1327 614 littora
1343 587 1436 628 quae
1455 570 1602 612 versus.
1616 571 1995 613 occidmmm-

274 646 437 701 picium
462 659 579 703 aqum>
597 645 753 689 directe
779 648 835 689 ab
861 647 1083 689 occidente.
1103 645 1316 695 adveniet,
1336 660 1444 701 qum>
1457 652 1603 687 artem
1623 644 1977 687 mundalium

274 716 451 775 fingant
471 719 808 774 sunt-disposita,
834 734 957 775 aquae
983 733 1127 760 cursus
1156 716 1299 759 versus
1329 717 1530 759 orientem
1549 717 1728 759 directus
1747 716 1978 757 inflectetur

269 789 393 845 juxta
417 791 569 843 littora,
598 792 838 848 priusquam
867 791 918 833 εὸ
945 791 1166 846 pertingat,
1203 790 1372 830 omnino
1404 789 1466 831 uti
1498 789 1699 844 inspectio
1733 802 1986 843 mapparumv

275 861 453 905 docebit.
495 863 715 912 -Quoniam
733 863 833 904 vero
853 864 932 904 iste
952 878 1071 919 aquae
1085 864 1206 918 juxta
1224 862 1363 903 littora
1381 862 1518 903 fluxus
1538 870 1694 903 tantam
1714 861 1990 911 celeritatem,

275 941 471 989 quantam
498 934 624 975 habet
654 934 789 983 Luna,
820 933 1003 988 recipere
1032 933 1187 989 nequit,
1221 947 1389 974 necesse
1418 940 1492 983 est,
1523 940 1571 974 ut
1597 933 1734 974 fluxus
1761 932 1816 973 ad
1839 928 1978 972 littora

273 1005 404 1062 magis
438 1005 491 1046 ad
524 1006 724 1046 orientem
758 1005 835 1045 sita
866 1003 1024 1045 tardius
1058 1003 1299 1046 advehatur.
1360 1003 1472 1045 Haec
1506 1011 1645 1045 autem
1669 1001 1812 1045 versus
1839 1003 1978 1044 littora

275 1076 538 1117 orientaliora
565 1075 789 1117 retardatio
815 1074 995 1116 maxime
1023 1076 1242 1130 perspicua
1261 1082 1323 1117 est
1341 1076 1385 1116 in
1404 1077 1606 1130 portubus
1628 1075 1792 1126 Galliae,
1826 1074 1974 1132 Belgii,

275 1147 455 1203 Angliae,
478 1154 521 1188 et
541 1147 785 1196 Hiberniae3
806 1145 901 1188 cum
921 1147 1032 1188 enim
1051 1147 1105 1188 ad
1124 1147 1228 1188 ostia
1246 1146 1466 1188 fluviorum
1488 1147 1717 1189 Garumnae
1737 1154 1778 1187 et
1797 1145 1974 1203 Ligeris,

275 1232 368 1273 quae
402 1217 543 1260 versus
579 1233 780 1260 oceanum
817 1218 1113 1274 amplissimum
1145 1226 1301 1273 patent,
1342 1226 1529 1273 tempore
1566 1218 1888 1273 pleniluniorum
1927 1232 1976 1259 ac

272 1288 580 1330 noviluniorum
607 1290 744 1330 fluxus
774 1289 998 1331 adveniunt
1026 1288 1129 1330 hora
1158 1288 1276 1330 tertia
1306 1288 1603 1343 pomeridiana,
1635 1304 1727 1344 quae
1755 1289 1977 1330 retardatio

272 1357 470 1398 naturalis
500 1359 657 1399 censeri
684 1365 833 1413 potest,
862 1373 997 1414 neque
1025 1358 1231 1400 littoribus
1260 1358 1397 1399 adhuc
1424 1358 1612 1409 turbata3
1643 1358 1740 1398 hinc
1769 1373 1876 1413 aqua
1904 1357 1989 1400 de·-

271 1442 387 1468 mum
407 1428 461 1468 ad
494 1428 632 1469 littora
666 1428 894 1470 Britanniae
923 1428 1103 1470 Minoris
1135 1442 1183 1469 ac
1213 1428 1484 1470 Normanniae
1515 1428 1805 1485 progreditur;
1855 1437 1978 1485 atque

271 1500 428 1542 idcirco
463 1501 528 1542 his
562 1502 607 1543 in
639 1501 877 1558 regionibus
910 1501 1048 1542 fluxus
1082 1499 1240 1543 tardius
1275 1502 1439 1542 evenire
1472 1501 1755 1542 observantur.
1780 1533 1785 1541 ,
1819 1501 1887 1543 Sic
1921 1501 1975 1542 ad

274 1574 451 1615 Portum
475 1574 518 1616 S.
542 1574 661 1615 Malo
681 1582 869 1629 tempore
889 1574 1148 1631 syzygiarum
1166 1574 1304 1615 fluxus
1324 1573 1491 1615 demum
1519 1572 1622 1615 hora
1643 1572 1757 1614 sexta
1779 1573 1976 1628 sequitur,

274 1646 329 1687 ad
364 1646 468 1687 ostia
502 1645 602 1687 vero
625 1647 829 1702 Sequanae
858 1661 989 1702 usque
1018 1646 1072 1687 ad
1100 1646 1248 1687 horam
1276 1661 1431 1687 nonam
1458 1646 1716 1687 retardatur:
1766 1653 1890 1701 atque
1920 1645 1993 1687 ita⁴

271 1729 399 1769 porro
428 1716 652 1758 retardatio
681 1724 868 1773 augetur,
899 1716 1033 1757 donec
1062 1717 1229 1758 tandem
1247 1716 1292 1756 in
1313 1716 1349 1758 F
1349 1716 1624 1757 retoGallico
1643 1715 1917 1771 Dunkerquae
1936 1722 1978 1756 et

276 1789 476 1830 Ostendae
494 1789 629 1830 media
650 1798 771 1830 nocte
799 1789 965 1830 incidat.
1027 1789 1096 1830 Ex
1114 1788 1194 1829 hac
1212 1787 1311 1830 vero
1330 1789 1606 1830 retardatione
1634 1788 1853 1828 innotescit
1871 1788 1977 1829 cele-

273 1861 373 1902 ritas
394 1876 525 1917 aquae,
549 1861 629 1917 qua
643 1862 765 1917 juxta
792 1861 931 1902 littora
958 1861 1235 1917 progreditur,
1266 1875 1394 1916 eaque
1420 1867 1534 1901 tanta
1553 1858 1877 1913 deprehenditur
1897 1858 1977 1915 qua

273 1931 355 1973 una
385 1931 487 1973 hora
509 1933 685 1987 spatium
707 1933 868 1973 circiter
889 1932 946 1986 (†)
969 1938 1009 1973 8.
1029 1932 1266 1975 milliarium
1287 1931 1490 1973 conficiat.
1549 1930 1744 1986 Denique
1763 1946 1868 1986 aqua
1886 1938 1978 1973 tan-

271 2009 358 2042 tam
386 2002 471 2043 fere
491 2003 601 2043 viam
620 2002 830 2043 absolvere
849 1990 973 2043 debet
1001 2017 1131 2058 usque
1150 2002 1204 2042 ad
1230 2001 1478 2051 Dublinum,
1510 2008 1706 2056 quantam
1725 2000 1780 2041 ad
1806 2001 1977 2043 Fretum

275 2073 496 2124 Gallicum,
528 2089 580 2115 ex
601 2089 683 2130 quo
702 2064 837 2115 fluxus
858 2074 980 2115 etiam
1007 2074 1185 2115 Dublini
1203 2073 1307 2115 hora
1328 2074 1490 2116 circiter
1509 2072 1666 2115 decima
1694 2073 1976 2128 pomeridiana

273 2143 484 2186 observari
503 2145 618 2186 solet.
678 2146 818 2201 Atque
839 2145 961 2186 simili
980 2145 1106 2186 modo
1126 2145 1348 2186 retardatio
1366 2145 1556 2186 fluxuum
1576 2143 1629 2185 ad
1647 2143 1785 2185 littora
1804 2143 1976 2186 aliarum
1993 2173 1997 2180 ‚

271 2217 490 2273 regionum
510 2217 596 2258 sine
616 2215 701 2258 ulla
722 2216 961 2257 difficultate
981 2216 1178 2271 explicari
1197 2216 1360 2271 poterit.

329 2290 359 2339 §.
385 2292 478 2329 115.
524 2286 652 2336 Quod
686 2294 824 2328 autem
855 2286 908 2328 ad
942 2287 1210 2342 quantitatem
1244 2285 1368 2328 aestus
1401 2286 1525 2327 maris
1560 2285 1613 2327 ad
1645 2285 1782 2327 littora
1815 2285 1972 2335 attinet,

271 2356 389 2398 facile
418 2357 662 2414 intelligitur
690 2365 838 2399 aestum
867 2358 991 2398 maris
1021 2357 1074 2398 ad
1102 2358 1243 2399 littora
1267 2358 1463 2412 majorem
1484 2372 1573 2398 esse
1593 2357 1756 2407 debere,
1779 2354 1902 2412 quam
1929 2356 1975 2397 in

270 2428 408 2470 medio
442 2430 560 2470 mari.
621 2428 763 2471 Primo
792 2430 902 2471 enim
937 2445 1045 2486 aqua
1072 2445 1168 2471 cum
1197 2430 1353 2485 impetu
1384 2430 1437 2471 ad
1467 2430 1606 2471 littora
1634 2429 1775 2479 allidit,
1807 2443 1860 2469 ex
1889 2443 1994 2484 quo*

271 2502 429 2557 allapsu
450 2502 537 2543 solo
550 2502 639 2557 jam
658 2502 973 2544 intumescentia
991 2503 1091 2543 oriri
1110 2502 1245 2543 debet.
1304 2501 1471 2553 Deinde
1480 2501 1684 2562 ¹'quoniam
1703 2515 1810 2556 aqua
1829 2499 1992 2541 eadem.

271 2574 493 2624 celeritate,
529 2589 652 2630 quam
681 2574 860 2616 habebat
888 2589 1059 2624 oceano,
1090 2574 1163 2615 ubi
1193 2574 1373 2615 maxima
1392 2581 1453 2615 est
1476 2572 1746 2628 profunditaS,
1777 2571 1974 2629 progredi
1987 2607 1992 2613 ,.

271 2652 457 2694 conatur,
489 2645 543 2686 ad
572 2645 711 2686 littora
738 2645 910 2701 locaque
939 2644 1092 2686 vadosa
1110 2643 1372 2685 vehementer
1390 2644 1650 2699 inturgescet,
1683 2650 1843 2683 tantum
1856 2643 1973 2683 ,enim

269 2714 356 2755 fere
377 2729 496 2770 aquae
514 2714 569 2756 ad
596 2715 736 2756 littora
756 2715 937 2765 affertur,
969 2722 1169 2770 quantum
1189 2712 1464 2755 sufficeret-ad
1485 2712 1674 2767 spatium,
1706 2711 1818 2768 quod
1839 2711 1973 2753 Terra

272 2793 460 2840 occupat,
482 2786 781 2828 inundandum.
823 2785 970 2828 Tertio
989 2787 1066 2827 iste
1085 2801 1204 2842 aquae
1223 2786 1397 2827 affluxus
1417 2785 1460 2825 in
1482 2785 1637 2826 sinibus
1656 2784 1818 2826 vadosis
1838 2783 1971 2825 multo

271 2857 408 2899 adhuc
438 2859 570 2915 magis
599 2858 827 2900 increscere
846 2859 982 2910 debet,
1005 2858 1055 2900 eo
1076 2858 1189 2916 quod
1208 2873 1314 2914 aqua
1331 2857 1396 2898 his
1417 2858 1460 2898 in
1479 2857 1579 2899 locis
1595 2858 1683 2913 jam
1701 2856 1877 2898 multum
1897 2870 1970 2911 ap-

312 2965 363 3007 (†)
388 2966 440 2996 Ita
459 2967 573 3007 legitur
587 2968 620 2998 in
636 2968 802 3008 exemplari
820 2968 970 3006 Parisino,
992 2968 1100 3007 procul
1142 2966 1320 3004 rectissima,
1346 2978 1416 3007 quae
1440 2966 1523 2998 horis
1546 2969 1564 2998 7
1586 2977 1605 2997 a
1626 2966 1714 2997 fluxu
1738 2970 1970 3005 percurruntur,

268 3007 364 3038 dubio
377 3009 533 3044 mendose,
550 3010 603 3040 sed
621 3011 724 3041 locum
739 3011 900 3042 restituere
914 3021 978 3042 non
992 3020 1101 3040 sumus
1142 3010 1196 3050 qui
1211 3009 1282 3040 ideo
1298 3013 1338 3041 70
1352 3010 1494 3040 milliaria
1508 3008 1639 3050 singulis
1657 3009 1739 3039 horis
1751 3007 1790 3038 ad
1805 3008 1971 3038 minimum
1986 3029 1987 3034 ,

268 3050 356 3088 auai3
379 3052 418 3081 ab
439 3051 517 3081 ostio
546 3053 716 3082 Garumnae
741 3054 779 3083 ad
808 3053 985 3084 Dublinum
1010 3053 1102 3092 quin·
1144 3052 1339 3090 emetiretur;
1369 3052 1453 3082 unde
1469 3055 1510 3082 80
1524 3051 1668 3082 milliaria
1685 3060 1741 3091 pro
1756 3054 1775 3081 8
1790 3049 1973 3081 milliaribus

269 3099 364 3133 genta
388 3092 509 3124 circiter
535 3094 645 3126 Italica
665 3095 809 3127 milliaria
830 3101 1033 3127 numerantur
1053 3093 1104 3125 via
1144 3095 1304 3127 scribenda
1317 3094 1534 3135 conjectamur.
