2092 3470
258 268 312 307 66
655 257 1110 303 PHILOSOPHIAE
1142 259 1506 304 NATURALIS
1550 261 1646 314 [Dr.
1663 260 1827 305 Mum).
1846 262 1970 305 Srsr.

260 375 490 433 centrifuga
509 373 731 432 yggfaciat
753 384 800 417 ut
821 375 995 417 altitudo
1015 390 1135 431 aquae
1159 376 1202 416 in
1224 390 1344 418 crure
1373 377 1415 418 A
1438 377 1474 418 C
1504 392 1527 419 c
1548 392 1574 418 a
1603 385 1769 433 superet
1791 376 1972 419 altitudi-

260 463 358 490 nem
379 461 497 507 aquae
516 447 560 488 in
581 461 703 489 crure
725 447 769 496 Q
792 447 827 489 C
850 462 872 488 c
891 463 919 503 q
938 455 1057 501 parte
1078 447 1299 488 centesima
1322 450 1448 490 totius
1469 449 1719 491 altitudinis:
1741 434 1802 491 vis
1824 450 1974 493 centri-

259 520 358 578 fuga
382 521 458 573 §2¹35
478 519 597 561 faciet
619 527 665 561 ut
685 535 878 580 excessus
901 519 1128 560 altitudinis
1158 520 1203 560 in
1223 535 1343 562 crure
1374 522 1411 563 A
1438 522 1474 563 C
1506 537 1528 563 c
1549 538 1574 563 a
1602 523 1652 565 sit
1673 523 1901 565 altitudinis
1930 523 1975 565 in

262 608 382 635 crure
413 593 542 634 altero
573 592 617 642 Q
640 593 676 634 C
707 607 729 633 c
750 608 777 648 q
810 607 906 646 pars
939 600 1099 633 tantum
1129 595 1221 645 ᾖς.
1285 593 1363 634 Est
1379 593 1504 650 igitur
1525 593 1723 636 diameter
1745 595 1892 637 Terrae
1913 611 1976 638 se·-

262 664 444 709 cundum
464 673 719 721 aequatorem
732 664 785 705 ad
800 664 928 719 ipsius
944 664 1192 706 diametrum
1208 680 1284 720 per
1298 666 1416 720 polos
1433 675 1479 707 ut
1493 672 1578 709 230
1595 667 1649 709 ad
1662 673 1759 711 229.
1792 669 1977 726 Ideoque

262 737 358 781 cum
379 738 527 780 Terrae
548 737 872 779 semi-diameter
891 737 1125 787 mediocris,
1152 736 1275 793 juxte
1295 753 1532 780 mensuram
1555 739 1720 790 picard,
1743 741 1796 782 sit
1820 742 1980 797 pedum·

265 811 559 854 Parisiensium
594 815 835 860 19615800,
868 824 941 850 seu
962 809 1199 850 milliarium
1221 814 1405 860 3923,16
1429 810 1580 865 (posito
1601 811 1714 867 quod
1734 812 1906 855 milliare
1927 813 1980 865 sit

264 883 645 938 mensurapedum
663 882 806 934 ,5000)
841 881 976 922 Terra
1005 882 1127 923 altior
1157 882 1235 923 erit
1264 882 1318 923 ad
1347 890 1599 939 aequatorem
1628 882 1752 940 qutim
1778 883 1832 926 ad
1860 885 1980 941 polo's

264 971 440 1021 excessu
469 955 627 1011 pedum
658 959 813 1004 85472‚
847 969 920 995 seu
948 954 1185 995 milliarium
1211 956 1330 1008 17515.
1391 955 1448 996 Et
1467 954 1642 997 altitudo
1661 956 1749 1012 ejus
1769 956 1823 999 ad
1842 971 1981 1016 aequa-

263 1036 398 1069 torem
418 1027 496 1072 erit
520 1033 746 1069 19658600
766 1027 923 1082 pedum
944 1028 1120 1078 circiter,
1143 1035 1184 1069 et
1204 1028 1258 1069 ad
1276 1028 1396 1083 polos
1421 1033 1645 1073 19573000
1665 1029 1833 1085 pedum.
1922 1029 1925 1034 ’

323 1100 372 1154 (⁸)
408 1099 453 1141 Si
481 1099 652 1154 planeta
678 1099 812 1154 major
833 1099 886 1140 sit
914 1099 979 1140 vel
1005 1099 1141 1140 minor
1161 1098 1285 1156 qutim
1307 1099 1441 1141 Terra
1461 1109 1654 1142 manente
1675 1102 1763 1157 ejus
1782 1101 1983 1146 densitate

266 1187 314 1213 ac
335 1180 522 1225 tempore
550 1170 764 1225 periodico
780 1170 1063 1212 revolutionis
1095 1171 1270 1221 diurnae‚
1304 1171 1488 1213 manebit
1516 1172 1734 1228 proportio
1752 1173 1812 1214 vis
1833 1175 1984 1216 centri-

506 1285 685 1314 sr—2b
753 1285 799 1314 b²
954 1285 976 1314 b

702 1314 735 1347 Χ
754 1327 793 1333 -
818 1310 860 1350 ν
1147 1290 1240 1315 tonus
1265 1284 1403 1322 assumit,
1429 1285 1520 1326 eujus
1544 1284 1786 1317 fundamentum
1808 1285 1852 1316 ita
1875 1286 1984 1328 depre-

593 1346 609 1365 r
754 1346 770 1366 r
784 1335 800 1355 ²
879 1339 898 1364 5
912 1338 931 1365 b
946 1352 989 1358 —
1005 1341 1022 1364 2
1034 1345 1051 1364 r

265 1309 336 1341 ideo
351 1315 443 1341 erunt
456 1315 493 1340 ut
1064 1310 1105 1340 ad

266 1384 287 1411 5
302 1393 317 1419 ρ
331 1397 374 1404 -
389 1382 408 1407 ‘2
427 1379 455 1408 B
472 1407 505 1441 Χ
522 1378 582 1426 E}
602 1405 644 1445 V
731 1379 759 1409 Β

359 1443 373 1471 e
536 1444 551 1473 e
567 1431 582 1448 ²
661 1433 681 1460 5
696 1432 723 1461 Β
733 1448 776 1454 -
787 1435 806 1460 2
817 1444 831 1473 e

266 1471 396 1501 ferentia
410 1472 618 1511 quantitatum
633 1483 649 1502 r
666 1479 697 1503 et
710 1474 741 1510 b,
763 1487 778 1514 ρ
793 1480 823 1504 et
842 1473 870 1503 B
886 1481 949 1502 non
965 1471 1004 1501 sit
1018 1481 1107 1513 mag-

266 1524 317 1549 na,
342 1521 554 1546 numeratores
574 1519 594 1545 5
609 1525 625 1545 r
639 1533 682 1540 -
698 1519 718 1546 2
733 1518 752 1545 b
768 1522 822 1547 aut
838 1520 856 1546 3
869 1529 883 1554 ρ
894 1532 937 1539 -
949 1518 968 1544 2
986 1515 1012 1544 Β
1026 1526 1035 1552 ;
1052 1525 1108 1554 pro

266 1567 282 1587 r
297 1567 332 1586 ac
348 1570 362 1598 g
377 1557 459 1586 sumi
474 1564 612 1596 possunt,
631 1564 662 1588 et
677 1558 926 1589 denominatos-es
941 1561 960 1587 3
970 1558 1043 1587 b—
1054 1562 1071 1587 ἱ)
1080 1568 1105 1593 r,

268 1604 288 1630 3
307 1599 335 1630 B
350 1616 394 1624 —
409 1603 429 1629 2
444 1613 458 1642 ς
474 1610 529 1639 pro
544 1602 564 1631 b
579 1607 610 1631 et
628 1601 666 1636 B,
689 1601 820 1642 ideoque
842 1600 974 1630 rationes
989 1600 1105 1638 ponde-

841 1416 850 1442 ;
869 1402 943 1433 inde
957 1402 1030 1433 cum
1045 1403 1106 1434 dif-

267 1677 338 1697 rum
363 1666 444 1697 fiunt
467 1644 724 1724 υιὲχὶζῖχ
751 1645 967 1738 ᾳ-ἓ-,αᾶξ
994 1643 1107 1735 χξῖκ

271 1764 305 1798 χ
325 1762 367 1802 γ
389 1735 506 1819 {sive
520 1769 556 1793 ut
570 1737 616 1818 Ξ
636 1762 676 1794 ad
701 1737 772 1808 137²-
821 1762 892 1800 Vel,
914 1760 1106 1797 invertendo,

268 1829 402 1860 rationes
423 1830 598 1869 ponderum
621 1831 652 1860 in
675 1841 764 1862 crure
789 1832 815 1861 C
836 1832 861 1861 A
885 1832 923 1861 ad
939 1831 1060 1871 pondus
1076 1830 1109 1859 in

269 1882 358 1902 crure
376 1874 402 1904 C
422 1874 455 1908 Q
468 1880 541 1904 sunt
555 1874 588 1903 in
604 1874 776 1913 sphaeroide
791 1874 899 1904 fictitio
914 1881 944 1904 et
961 1875 994 1904 in
1011 1871 1109 1904 Terra

321 1924 336 1943 r
359 1917 373 1933 2

270 1947 306 1970 ut
321 1958 376 1997 ᾗ
391 1942 428 1971 ad
442 1917 522 1998 ἑ-Ξς
546 1941 629 1983 quod
645 1942 670 1972 si
692 1942 867 1973 differentia
881 1941 1022 1972 diametri
1042 1951 1057 1971 r
1078 1947 1110 1971 et

270 2009 336 2039 axis
350 2010 449 2040 fictitii
471 2012 491 2041 b
513 2010 635 2040 dicatur
650 2009 681 2047 f;
706 2010 879 2041 differentia
893 2009 1034 2040 diametri
1049 2024 1064 2052 ς
1079 2015 1110 2039 et
1139 2001 1235 2042 filgoe
1259 2003 1299 2031 “d
1323 2003 1512 2040 gram-'‘¹²⁶⁷'‘-

270 2052 336 2082 axis
369 2053 465 2083 i'errae
492 2054 519 2083 B
543 2052 699 2093 dicaturg
714 2054 772 2083 hoc
789 2053 882 2083 modo
897 2054 1109 2092 exprimentur

271 2095 405 2125 rationes
434 2095 608 2134 ponderum
645 2105 771 2125 crurum
813 2096 838 2126 C
871 2096 901 2126 A
939 2103 969 2126 et
1009 2095 1035 2125 C
1069 2095 1110 2131 Q,

271 2137 291 2165 b
303 2139 318 2156 2
334 2139 375 2178 ÷
392 2140 441 2217 be
455 2138 470 2167 f
484 2139 526 2180 ÷
546 2138 561 2166 f
573 2139 630 2193 fet
644 2138 869 2218 lE—-j-jsssszg
883 2139 997 2185 Tngg
1021 2169 1112 2194 erunt

271 2239 346 2270 ergo
361 2190 494 2261 ratioiies
508 2231 649 2262 excessus
664 2231 807 2271 ponderis
824 2231 854 2260 in
875 2241 964 2261 crure
983 2232 1011 2261 A
1032 2232 1057 2262 C
1072 2231 1112 2262 ad

272 2297 395 2338 pondus
409 2306 510 2329 totum
525 2300 622 2330 cruris
645 2299 673 2330 C
693 2300 726 2336 Q
747 2305 782 2330 ut
796 2273 838 2315 4-
855 2278 873 2302 2
886 2275 904 2302 b
921 2274 936 2302 f
949 2275 992 2314 ἦ·
1011 2274 1055 2304 ff
1071 2300 1111 2331 ad

896 2329 915 2356 b
931 2328 950 2356 b

274 2367 552 2448 -ffl—ssffiss—g—g-
566 2394 630 2424 sive
645 2394 753 2426 deletis
764 2394 785 2424 f
795 2393 812 2424 f
822 2400 853 2425 et
867 2405 890 2435 g
900 2405 922 2435 g
936 2404 1006 2435 quae
1021 2405 1113 2425 evan-

274 2467 383 2491 escunt
405 2468 545 2500 respectu
568 2466 587 2492 2
603 2473 618 2492 r
631 2463 650 2493 f
660 2469 692 2494 et
707 2467 726 2494 2
741 2478 755 2506 ρ
770 2474 811 2504 g:
835 2462 908 2493 cum
932 2462 1113 2493 differentiae

275 2504 355 2533 inter
383 2503 548 2534 diametros
571 2511 603 2535 et
631 2516 703 2536 axes
732 2506 870 2536 minimae
899 2512 1113 2543 supponantur

223 2555 227 2559 '
274 2553 414 2585 respectu
436 2557 542 2584 earum
565 2547 807 2584 diametrorum3
830 2553 923 2577 erunt
942 2547 1004 2577 iuae
1018 2548 1109 2578 ratio-

395 2592 414 2618 2
429 2590 449 2619 b
461 2589 478 2618 f
549 2593 569 2619 2
583 2590 610 2619 B
621 2599 643 2630 g
685 2616 693 2623 .
798 2590 845 2620 ef
910 2593 929 2618 2
944 2600 966 2628 g

409 2643 460 2672 b2
496 2615 536 2646 ad
570 2639 652 2672 ΒΖ,
669 2622 783 2647 siveut
800 2615 893 2673 fad
909 2632 973 2672 ῑ,
995 2616 1112 2646 sedra-

275 2682 373 2712 tiones
388 2682 529 2715 excessus
544 2684 716 2723 ponderum
732 2684 772 2714 ad
787 2683 909 2724 pondus
923 2684 1020 2715 cruris
1038 2685 1063 2715 C
1081 2685 1114 2721 Q

276 2725 339 2754 sive
354 2726 392 2755 ad
409 2727 531 2765 pondus
545 2727 643 2757 cruris
661 2728 691 2757 A
710 2727 736 2758 C
759 2727 857 2768 (quod
874 2727 1000 2766 perinde
1014 2733 1060 2757 est
1073 2729 1113 2758 ob

276 2767 527 2807 magnitudinem
550 2780 677 2800 crurum
700 2776 730 2800 et
753 2769 930 2809 parvitatem
956 2769 1111 2810 excessus)

278 2810 410 2847 aequales
425 2822 490 2842 esse
505 2812 619 2842 debent
635 2815 685 2853 (ut
696 2813 761 2853 jam
777 2812 896 2843 dictum
912 2812 970 2852 est)
988 2812 1112 2842 rationi-

277 2851 335 2879 bus
351 2852 460 2882 virium
476 2855 720 2895 centrifugarum
739 2855 778 2885 ad
796 2854 975 2895 gravitatem
992 2855 1087 2893 ipsam
1101 2867 1107 2885 ε

277 2902 382 2932 quare,
410 2896 542 2926 rationes
567 2897 629 2927 inae
659 2898 770 2927 virium
800 2897 1043 2938 centrifugarum
1073 2897 1113 2927 ad

278 2961 459 3001 gravitatem
471 2966 583 2995 debent
598 2977 662 2997 esse
677 2973 713 2996 ut
726 2940 772 3022 ἓξ.
791 2966 830 2997 ad
847 2944 910 3023 2—Bss,
934 2967 996 2996 sive
1010 2973 1045 2996 ut
1065 2975 1112 2997 ra-

278 3029 378 3060 tiones
397 3041 577 3062 excessuum
596 3034 738 3065 diametri
760 3035 922 3075 aequatoris
935 3045 1028 3074 supra
1041 3045 1113 3066 axes

279 3071 319 3104 ad
341 3082 422 3112 axes,
445 3084 517 3115 quae
537 3075 664 3116 quidem
678 3083 725 3108 est
738 3078 894 3117 proportio
907 3087 1002 3119 quam
1018 3077 1113 3109 New·

275 2625 329 2644 nes
345 2621 380 2645 ut

1150 1354 1281 1384 hensum
1292 1358 1351 1383 ent:
1371 1353 1445 1384 hinc
1456 1355 1500 1385 vis
1508 1353 1762 1395 centrifugavquae
1773 1361 1820 1386 est
1829 1333 1892 1415 3-35
1909 1365 1987 1396 pou-

1150 1422 1231 1454 deris
1254 1421 1358 1459 totius,
1383 1429 1429 1454 est
1454 1423 1494 1455 ad
1518 1423 1582 1454 vim
1607 1422 1814 1465 centrifugam
1843 1435 1914 1466 quae
1940 1429 1988 1456 ent

1161 1468 1215 1514 1—
1228 1492 1373 1532 ponderis
1387 1493 1482 1524 totius
1496 1499 1533 1523 ut
1546 1467 1594 1516 {f
1610 1492 1649 1524 ad
1667 1469 1728 1517 2-8
1741 1493 1803 1523 sive
1818 1499 1854 1524 ut
1879 1467 1921 1551 ἑ-
1947 1492 1988 1525 ιδ

1152 1523 1214 1550 289
1558 1521 1578 1551 b
1683 1519 1713 1551 Β

1152 1572 1203 1644 ἓ,
1220 1588 1273 1619 sed
1289 1588 1365 1619 dum
1380 1589 1401 1620 b
1415 1594 1461 1620 est
1479 1592 1539 1620 100
1553 1593 1599 1619 e'st
1613 1588 1680 1619 f=
1693 1591 1723 1628 1,
1733 1598 1809 1630 ergo
1823 1594 1869 1620 est
1883 1573 1924 1647 ᾗ
1940 1600 1987 1619 =

1174 1659 1185 1685 1
1299 1660 1312 1686 1

1153 1699 1213 1739 so‘o
1227 1689 1260 1722 Χ
1277 1700 1338 1740 2ῖ9
1375 1738 1384 1745 ,
1478 1713 1541 1742 505
1676 1710 1688 1742 ὶ

1234 1768 1255 1794 4
1360 1748 1422 1769 ⁵¹⁷⁶
1447 1768 1573 1796 115600
1588 1750 1635 1767 =
1649 1755 1723 1796 ‘523³’

1211 1820 1273 1848 505

1196 1871 1244 1914 (ἲ)
1262 1876 1312 1903 86.
1339 1874 1372 1904 Si
1390 1875 1514 1912 planeta
1537 1873 1639 1912 major
1659 1873 1698 1903 sit
1718 1873 1764 1903 vel
1777 1873 1878 1903 minor
1891 1871 1988 1914 quam

1158 1917 1253 1946 Terra
1270 1921 1412 1946 manente
1426 1916 1490 1956 ejus
1505 1916 1650 1947 densitate
1663 1923 1700 1946 ac
1715 1921 1846 1954 tempmre
1858 1916 1988 1955 'edocti-

1152 1969 1184 1989 co
1200 1960 1389 1989 revolutionis
1401 1961 1531 1995 diurnae,
1544 1963 1647 1989 manee
1658 1959 1808 1997 proportio
1821 1958 1862 1988 uis
1875 1959 1988 1989 centri-

1573 2003 1591 2019 ·
1618 2000 1749 2030 Manere
1771 1999 1920 2030 rationem
1941 1999 1989 2030 vis

1153 2043 1335 2084 centrifugae
1350 2044 1388 2073 ad
1404 2043 1583 2083 gravitatem
1604 2043 1701 2083 liquet
1715 2052 1752 2072 ex
1769 2041 1841 2072 noui
1857 2045 1906 2073 85.
1924 2042 1990 2073 sive

1154 2096 1191 2116 ex
1212 2086 1282 2116 Cor.
1303 2092 1331 2116 2¹.
1360 2086 1449 2124 Prop.
1481 2086 1537 2116 [V.
1563 2086 1631 2116 Lib.
1661 2085 1710 2122 1.;
1746 2095 1817 2114 nam
1843 2091 1989 2116 manente

1153 2135 1291 2166 tempore
1317 2129 1470 2167 periodico
1495 2128 1602 2159 crescit
1626 2129 1670 2157 vis
1690 2126 1864 2167 centrifuga
1883 2127 1915 2156 in
1938 2135 1988 2158 ra·-

1155 2172 1239 2201 tione
1254 2172 1478 2208 distantiarum,
1495 2171 1549 2201 sed
1563 2170 1669 2201 crescit
1684 2171 1776 2200 etiam
1791 2170 1924 2210 gravitas
1938 2178 1988 2201 ιο-

1154 2214 1310 2244 celeratrix
1328 2214 1359 2244 in
1376 2214 1492 2245 ratione
1508 2214 1719 2244 distantiarum
1737 2212 1826 2253 (Cor.
1841 2216 1870 2241 3.
1897 2212 1988 2253 Prop.

1158 2257 1252 2287 XCI.
1275 2257 1342 2287 Lib.
1367 2257 1412 2296 1,)
1435 2266 1509 2297 ergo
1532 2257 1562 2285 in
1585 2254 1691 2286 eadem
1711 2255 1827 2284 ratione
1847 2261 1990 2286 creseunt

1156 2298 1200 2328 vis
1215 2299 1386 2339 centrifuga
1407 2306 1438 2329 et
1458 2299 1599 2339 gravius,
1617 2294 1747 2338 ide6que
1769 2296 1801 2326 in
1816 2295 1926 2327 eidem
1939 2305 1989 2328 rn-

1153 2341 1237 2372 tionc
1252 2349 1378 2372 manent
1393 2342 1536 2379 sic-prius.

1199 2387 1362 2424 Propterea
1388 2385 1519 2414 vnanebit
1548 2383 1702 2423 proportio
1736 2383 1876 2413 diametri
1906 2384 1988 2414 inter

1149 2429 1233 2467 polos
1271 2429 1312 2457 ad
1350 2428 1534 2457 diametrum
1574 2425 1741 2456 secundam
1774 2431 1958 2465 equatur-em
1971 2439 1984 2458 .·

1153 2471 1277 2510 quippe,
1294 2478 1348 2508 per
1362 2474 1467 2498 notam
1483 2468 1706 2507 praecedentem
1722 2477 1748 2503 z,
1764 2468 1841 2497 ratio
1856 2467 1901 2498 vis
1914 2477 1987 2498 cen..

1154 2511 1278 2561 trifngae.
1299 2511 1338 2541 ad
1361 2511 1541 2551 gravitatem
1561 2517 1606 2541 est
1626 2515 1662 2540 ut
1675 2509 1753 2540 ratio
1767 2508 1907 2540 excesus
1921 2510 1987 2542 din-

1154 2563 1244 2585 metri
1259 2554 1419 2594 aequatoris
1434 2563 1526 2592 super
1546 2546 1772 2593 longitudinem
1787 2561 1898 2590 aneon
1920 2562 1986 2584 mn.

1153 2603 1247 2628 nenne
1261 2606 1336 2637 ergo
1349 2596 1443 2636 priori
1456 2596 1575 2627 ratione
1596 2605 1651 2635 per
1672 2595 1866 2635 hypothesim
1879 2604 1987 2626 manos

1153 2641 1197 2670 bit
1212 2646 1242 2670 et
1257 2639 1321 2670 ista.

1197 2685 1229 2714 Si
1249 2683 1432 2713 acceleretur
1452 2683 1501 2713 vel
1519 2683 1690 2713 retardetur
1709 2686 1810 2712 monae
1827 2681 1982 2714 diuma.-

1155 2731 1190 2756 ut
1212 2732 1336 2763 tempus
1357 2723 1546 2763 periodicum
1563 2724 1599 2754 fit
1615 2724 1716 2765 majus
1737 2722 1785 2752 vel
1806 2722 1920 2761 miuus,
1939 2723 1986 2754 vin

1153 2765 1328 2807 centrifuga
1349 2765 1456 2797 crescit
1479 2765 1631 2806 reciproce
1646 2773 1681 2797 ut
1699 2764 1846 2806 quadrata
1866 2771 1987 2806 tempo-

1155 2820 1224 2840 rum
1246 2809 1469 2848 periodicorum
1495 2809 1691 2840 manentibus
1715 2806 1808 2838 radiis
1837 2807 1926 2850 (Cor.
1953 2811 1980 2840 2„

1158 2852 1316 2891 Prop.1V.
1334 2852 1391 2882 Lib
1413 2851 1453 2890 Ι.)
1465 2851 1537 2882 inde
1548 2850 1742 2882 manentibus
1750 2850 1988 2890 gravitatibus&

1153 2895 1310 2926 diatnetris
1318 2894 1485 2936 majoribus
1494 2895 1540 2925 vel
1551 2893 1732 2930 minoribus,
1743 2893 1838 2932 liquet
1851 2894 1904 2934 (ex
1913 2892 1988 2924 nod

1153 2962 1208 2994 illa
1231 2963 1275 3003 z.)
1299 2971 1509 2995 numeratores
1523 2963 1708 2995 fractionum
1723 2978 1764 2984 -—
1774 2967 1804 2992 et
1817 2945 1867 2999 Ξ,
1878 2971 1990 3003 nempe

1734 2990 1754 3020 b
1827 2989 1856 3019 B
1876 3014 1880 3018 .

1155 3032 1297 3064 excessus
1311 3032 1540 3070 diametrorum,
1562 3040 1694 3065 crescere
1709 3029 1884 3062 secundum
1896 3029 1992 3063 ntic-

1157 3084 1230 3108 nem
1245 3075 1358 3107 virium
1372 3076 1625 3119 centrifltgarum,
1648 3074 1708 3106 hoc
1721 3079 1777 3113 est,
1793 3080 1830 3106 ut
1843 3071 1991 3116 quadran
