2092 3470
275 195 347 236 xiv
359 195 362 198 ’
907 190 1350 234 INTRODUCTIO
1787 191 1916 244 [Cir.
1939 186 1974 234 Ῐ.

275 306 305 347 S
326 306 366 346 A
390 305 426 346 B
447 305 561 360 cujus
590 305 739 347 limbus
760 306 802 347 A
824 306 860 347 C
883 305 920 348 B
946 306 990 347 in
1009 306 1162 363 gradus
1183 315 1226 349 et
1244 307 1403 348 minuta
1432 307 1587 349 divisus
1617 315 1680 349 est
1708 305 1766 348 ita
1785 308 1976 350 statuitur

272 385 318 417 ut
337 376 453 416 filum
476 377 510 417 S
529 375 572 417 C.
585 374 630 418 D
650 376 834 432 pondere
854 376 898 418 D
919 385 1083 418 tensum
1103 377 1281 433 ideoque
1310 378 1516 429 verticale‚
1547 378 1721 419 limbum
1750 378 1860 419 illius
1886 386 1977 420 tan-

269 454 354 502 gat,
375 444 525 488 deinde
544 444 601 488 ita
622 447 792 489 vertitur
811 454 858 489 ut
877 447 990 489 sidus
1013 448 1052 519 L
1070 449 1187 504 cujus
1208 447 1384 490 altitudo
1400 448 1658 491 observanda
1672 455 1746 500 est,
1767 462 1844 503 per
1856 448 1976 505 diop-

1020 596 1056 634 Z

640 673 676 713 L

271 1795 356 1828 tras
377 1793 448 1827 aut
466 1800 542 1841 per
562 1780 832 1838 telescopium
850 1778 971 1823 lateri
995 1782 1024 1823 S
1047 1781 1085 1823 B
1106 1776 1279 1824 affixum
1298 1774 1485 1824 videatur
1504 1784 1548 1825 in
1569 1784 1716 1827 eodem
1739 1785 1868 1826 latere
1891 1776 1921 1827 S
1942 1783 1981 1826 B

271 1860 492 1915 producto.
545 1860 645 1908 Quo
665 1857 786 1907 facto,
808 1852 986 1897 habetur
1006 1870 1125 1896 arcus
1148 1856 1188 1896 A
1213 1855 1262 1905 C,
1286 1870 1480 1898 mensura
1499 1857 1725 1898 altitudinis
1746 1857 1981 1912 apparentis

271 1933 311 1974 L
344 1934 374 1975 S
402 1932 454 1984 h;
485 1948 583 1974 nam
613 1931 707 1973 cum
738 1929 855 1971 filum
885 1944 908 1970 e
939 1928 1178 1985 quadrantis
1210 1936 1353 1969 centro
1386 1929 1428 1979 S,
1461 1929 1647 1983 pendens
1679 1930 1731 1970 sit
1757 1943 1919 1984 semper
1938 1929 1982 1969 in

270 2002 397 2057 plano
426 2001 623 2053 verticali,
655 1997 861 2058 quadrans
894 2001 935 2041 A
968 2000 997 2041 S
1030 1999 1067 2040 B
1097 1998 1175 2040 erit
1204 1998 1326 2040 etiam
1355 1999 1397 2040 in
1422 2000 1567 2041 eodem
1588 2000 1727 2055 plano,
1751 2000 1889 2055 (Eucl.
1907 2006 1980 2059 ¹18.

273 2073 376 2126 XI.)
398 2073 574 2130 ideoque
603 2070 633 2114 h
659 2087 681 2113 r
710 2072 763 2113 ad
787 2072 816 2114 S
838 2071 882 2113 D
902 2069 1272 2126 perpendicularis,
1296 2070 1373 2111 erit
1392 2070 1624 2113 intersectio
1645 2072 1868 2113 horizontis
1890 2087 1981 2113 sen-

273 2144 401 2186 sibilis
422 2154 464 2187 et
481 2145 596 2200 plani
615 2141 819 2186 verticalis
839 2157 915 2198 per
946 2140 984 2183 L
1013 2141 1139 2192 ducti,
1162 2138 1285 2197 atque
1305 2142 1482 2198 angulus
1504 2141 1543 2184 L
1566 2143 1596 2184 S
1615 2141 1645 2182 h
1665 2141 1809 2183 sideris
1831 2142 1869 2184 L
1889 2141 1981 2183 alti-

273 2216 377 2257 tudo
406 2230 622 2272 apparens.
678 2213 769 2268 ,Sed
799 2215 834 2255 si
863 2214 916 2255 ab
946 2213 1106 2270 angulis
1136 2213 1258 2254 rectis
1289 2213 1329 2254 L
1352 2214 1381 2255 S
1402 2214 1457 2263 A,
1485 2220 1527 2254 et
1546 2211 1576 2253 h
1598 2213 1628 2254 S
1648 2212 1706 2262 D,
1730 2210 1982 2253 subducatur

273 2287 504 2328 communis
523 2288 554 2328 h
578 2288 607 2329 S
629 2287 683 2338 A,
706 2293 921 2328 remanent
941 2283 1121 2341 aequales
1141 2280 1283 2341 anguli
1307 2283 1347 2325 L
1368 2285 1399 2326 S
1418 2283 1447 2324 h
1467 2291 1509 2325 et
1530 2283 1569 2324 A
1593 2283 1623 2325 S
1646 2283 1708 2333 C3
1739 2283 1861 2340 hujus
1881 2283 1980 2325 vero

273 2372 466 2399 mensura
485 2366 546 2400 est
566 2373 685 2399 arcus
707 2359 748 2399 A
772 2356 820 2399 C.

334 2433 400 2470 12.
432 2428 549 2470 Hinc
579 2427 757 2470 describi
786 2435 925 2483 potest
943 2422 1054 2468 linea
1073 2426 1301 2468 meridiana
1321 2422 1447 2481 suprai
1467 2440 1590 2482 quam
1611 2425 1645 2466 si
1665 2425 1857 2467 statuitur
1883 2440 1980 2482 per-

273 2497 593 2553 pendiculariter
613 2498 819 2555 quadrans
839 2497 996 2548 circuli,
1029 2497 1240 2539 observari
1259 2497 1411 2552 poterit
1432 2495 1606 2538 altitudo
1625 2496 1854 2538 meridiana
1873 2496 1981 2554 side&

273 2570 347 2612 ris.
406 2571 518 2612 Nam
537 2571 788 2613 meridianus
817 2570 1030 2626 portiones
1061 2569 1153 2611 illas
1185 2569 1433 2611 circulorum
1453 2569 1652 2625 aequatori
1671 2557 1976 2626 barallelorum,

276 2655 370 2696 quae
400 2656 526 2696 supra
552 2641 810 2683 horizontem
840 2638 1023 2683 eminent
1052 2648 1094 2681 et
1124 2639 1195 2696 qui
1229 2655 1346 2681 arcus
1377 2640 1516 2681 diurni
1549 2640 1756 2691 dicuntur,
1790 2639 1978 2682 bifariam

276 2720 386 2754 secat
406 2716 497 2768 (per
518 2714 586 2756 El.
609 2714 693 2756 XI.
718 2720 783 2756 19.
805 2721 847 2755 et
867 2719 921 2764 4.,
954 2721 995 2754 et
1017 2712 1082 2753 El.
1109 2712 1194 2754 ΙΙΙ.
1217 2712 1303 2765 30.)
1336 2710 1430 2756 cum
1452 2713 1504 2754 sit
1523 2712 1602 2754 illis
1623 2713 1785 2755 circulis
1805 2721 1848 2755 et
1865 2712 1978 2754 hori-

276 2785 387 2826 zonti
407 2800 476 2827 eos
497 2802 615 2829 arcus
635 2785 872 2830 terminanti
899 2783 1263 2841 pe1·pendiculariS‚
1285 2792 1326 2826 et
1345 2793 1565 2840 propterea
1585 2785 1619 2827 si
1637 2786 1681 2827 in
1701 2785 1855 2827 circulo
1874 2799 1978 2842 quo-

276 2855 378 2898 libet
413 2857 564 2898 diurno
596 2866 809 2900 sumantur
841 2866 996 2913 puncta
1029 2856 1113 2897 duo
1149 2855 1247 2897 hinc
1282 2855 1379 2897 inde
1414 2856 1614 2898 orientem
1649 2864 1690 2898 et
1722 2855 1978 2898 occidentem

276 2923 417 2969 versus
437 2943 462 2969 a
482 2929 711 2970 meridiano
731 2929 1045 2986 aequidistantia,
1068 2943 1118 2969 ea
1135 2935 1290 2982 puncta
1303 2935 1424 2969 erunt
1438 2943 1563 2983 supra
1575 2928 1831 2970 horizontem
1851 2926 1978 2986 sensi-

277 2998 405 3040 bilem
425 2998 543 3050 oeque
564 2999 660 3050 alta,
683 3008 724 3042 et
743 2999 888 3042 contra
907 3000 941 3042 si
962 2998 1080 3056 aeque
1100 2998 1191 3040 alta
1202 2998 1296 3050 sint,
1328 3014 1353 3040 a
1372 2999 1600 3043 meridiano
1618 2999 1716 3042 hinc
1735 2999 1831 3042 inde
1850 2987 1976 3057 aequiss
