2092 3470
0 1535 2 1537 ,
0 1488 1 1492 Α
0 1235 16 1471 -vv--w—sw-v

23 1895 27 1910 ¹
110 1885 112 1890 ⁵
148 1893 287 1936 vando
300 1892 485 1949 quotidie
499 1893 758 1935 altitudinem
773 1895 1043 1938 meridianam
1064 1910 1160 1940 ceu·
1290 1910 1341 1950 Ε
1645 1879 1649 1884 .

147 1967 201 2009 tri
237 1966 345 2008 Solis
373 1972 416 2007 et
443 1964 542 2006 inde
562 1966 747 2007 eruendo
766 1967 895 2022 ipsius
915 1967 1161 2011 declinatio·
1273 1953 1435 2084 p

147 2053 258 2089 nem,
280 2037 598 2079 determinatum
618 2046 681 2079 est
700 2038 870 2094 planum
899 2040 1100 2096 eclipticae
1120 2050 1162 2083 et
1704 1957 1777 2101 κ

136 203 249 245 Cu».
269 202 327 256 1.]
633 202 721 245 AD
751 200 1048 245 TERTIUM
1066 201 1346 245 LIBRUM.
1780 218 1838 247 xv

135 316 360 359 distabunt.
391 318 396 324 '
419 314 563 365 Quare
593 316 629 356 si
662 315 792 358 stellae
823 317 921 358 fixae
954 317 1183 359 meridiano
1216 317 1363 359 vicinoe
1391 317 1570 360 altitudo
1597 316 1840 360 observetur

136 387 277 429 versus
305 386 520 437 orientem,
541 394 584 428 et
611 386 762 428 deinde
789 387 998 443 quadrans
1027 387 1138 430 circa
1166 388 1283 429 filum
1314 386 1513 430 verticale
1528 391 1744 432 immotum
1763 387 1840 431 ceu

136 459 246 500 circa
278 472 401 499 axem
431 465 695 499 convertatur
726 458 870 500 versus
905 459 1163 501 occidentem
1197 467 1240 501 et
1272 465 1515 514 expectetur
1553 460 1686 502 donec
1724 459 1843 502 stella

137 529 313 573 eandem
343 528 605 572 altitudinem
636 529 803 580 habeat,
838 537 951 573 recta
979 546 1074 587 quae
1100 530 1291 572 bifariam
1320 531 1478 572 dividet
1506 531 1704 587 angulum
1736 533 1844 573 inter

137 601 240 643 duas
269 600 508 657 quadrantis
539 615 634 642 cum
662 600 878 643 horizonte
911 602 1222 645 intersectiones
1249 602 1607 659 comprehensum,
1638 602 1716 643 erit
1736 602 1844 644 linea

139 673 379 716 meridiana.
1068 684 1070 686 ’

135 771 139 774 -
199 749 264 786 13.
295 743 418 786 Datis
449 759 525 799 per
567 745 874 788 observationes
908 746 1069 788 duabus

134 815 319 872 ejusdem
343 815 472 857 stellae
501 830 713 872 nunquam
732 817 955 860 occidentis
974 818 1067 860 alti-

129 888 348 931 tudinibus
375 887 610 929 meridianis
641 888 672 930 S
703 888 756 939 R,
779 903 799 930 s
829 889 884 940 R,
915 889 1067 940 dantur

138 961 224 1016 poli
260 960 296 1002 P
329 968 371 1002 et
403 960 622 1016 aequatoris
655 959 715 1002 AE
749 960 793 1010 Q
831 961 1067 1003 altitudines

140 1032 178 1075 P
209 1032 250 1074 R
277 1040 320 1073 et
353 1031 412 1073 AE
435 1032 483 1073 H
510 1045 635 1086 supra
661 1031 918 1074 horizontem
940 1033 989 1075 H
1011 1034 1066 1077 R.

135 1103 251 1146 ,Nam
277 1103 382 1144 datis
411 1103 587 1144 arcubus
619 1103 650 1144 S
685 1103 726 1144 R
755 1111 797 1145 et
826 1118 845 1145 s
877 1105 918 1146 R
947 1105 1069 1148 datur

133 1191 282 1220 eorum
311 1175 543 1216 differentia
573 1175 604 1216 S
624 1189 665 1225 s;
696 1183 738 1216 et
765 1176 861 1232 quia
890 1177 1008 1218 stella
1038 1179 1069 1220 S

139 1247 339 1290 circulum
372 1246 568 1288 describit
595 1248 794 1303 aequatori
823 1249 1066 1302 parallelum

140 1320 203 1376 (3)
238 1319 354 1374 cujus
387 1318 424 1360 P
452 1325 514 1360 est
541 1318 674 1373 polus,
705 1319 783 1361 erit
810 1320 840 1362 S
862 1320 949 1362 P=
970 1322 1068 1372 sP3

142 1390 252 1432 unde
283 1390 404 1432 datur
441 1389 477 1430 P
510 1405 542 1440 s,
578 1391 646 1431 cui
679 1391 714 1431 si
751 1391 928 1433 addatur
961 1409 981 1435 s
1013 1394 1067 1444 R,

141 1461 360 1503 habebitur
379 1475 497 1502 arcus
520 1461 557 1503 P
579 1459 616 1503 R
639 1461 812 1509 altitudo
837 1465 935 1518 poli.
957 1474 965 1476 *
997 1466 1076 1508 Est

143 1540 282 1574 autem
299 1532 348 1574 H
369 1531 428 1573 AE
444 1531 613 1587 aequah's
633 1533 748 1573 arcui
769 1534 804 1574 Z
826 1534 863 1576 P
877 1550 950 1576 seu
964 1537 1272 1592 complemento
1286 1537 1512 1579 altitudinis
1526 1537 1614 1592 poli
1627 1536 1682 1577 ad
1693 1543 1852 1579 rectum

139 1601 251 1662 (10),
273 1605 395 1647 datur
414 1603 519 1661 ergo
540 1604 590 1645 H
605 1604 665 1646 AE
685 1605 859 1648 altitudo
878 1609 1111 1664 aequatoris.

205 1683 271 1719 14.
302 1675 415 1718 Data
435 1675 564 1717 stellae
587 1676 618 1718 S
637 1676 852 1719 altitudine
878 1679 1104 1722 meridiana
1129 1682 1160 1723 S
1185 1682 1226 1723 R
1246 1697 1341 1724 cum
1365 1680 1584 1738 aequatoris
1604 1679 1671 1721 vel
1688 1678 1775 1734 poli
1795 1678 1853 1719 al-

140 1749 333 1800 titudine,
355 1748 478 1790 datur
496 1748 606 1790 illius
622 1749 847 1792 'declinatio
875 1752 907 1794 S
934 1752 1019 1801 AE;
1050 1762 1114 1795 est
1138 1755 1252 1796 enim
1273 1770 1394 1796 arcus
1417 1755 1448 1796 S
1468 1753 1527 1795 AE
1548 1753 1717 1810 aequalis
1736 1751 1854 1794 diffe-

144 1820 290 1864 rentioe
308 1834 480 1862 arcuum
499 1820 558 1861 AE
581 1820 618 1862 P
640 1821 679 1862 R
700 1830 742 1863 et
763 1822 794 1864 S
816 1823 871 1864 R.
937 1824 1006 1868 Sic
1022 1824 1163 1867 obser-

1229 2078 1262 2118 Υ

149 2112 236 2168 ejus
255 2110 309 2152 ad
326 2118 577 2166 aequatorem
596 2108 808 2152 inclinatio
826 2126 896 2153 seu
912 2113 1094 2155 maxima
1109 2114 1164 2155 ab
1790 2083 1844 2119 'st

150 2190 363 2240 aequatore
393 2181 615 2222 declinatio
645 2197 739 2238 quae
766 2183 934 2226 inventa
973 2193 1037 2227 est
1080 2189 1162 2239 23}

155 2255 274 2314 grad.
299 2262 370 2296 aut
396 2254 531 2296 verius
552 2258 636 2295 23⁰.
659 2257 738 2296 29‘.
812 2255 925 2297 Data
945 2263 1083 2298 autem
1101 2257 1165 2298 in-

62 2367 66 2370 .
153 2326 374 2370 clinatione
394 2325 596 2380 eclipticae
615 2324 670 2366 ad
690 2335 942 2382 aequatorem
958 2343 1054 2370 cum
1069 2330 1166 2371 solis

153 2397 438 2448 declinatione,
473 2397 596 2458 datur
624 2399 808 2440 ascensio
836 2408 949 2442 recta
976 2402 1084 2444 Solis
1113 2417 1162 2444 ac

151 2468 380 2529 longitudo.
432 2468 495 2510 Sit
515 2468 626 2509 enim
647 2468 684 2510 P
702 2470 823 2524 polus
842 2472 1001 2523 mundi,
1023 2481 1065 2511 ‘v’
1080 2473 1148 2515 ’ΖΕ
1167 2483 1211 2508 Δ·
1232 2480 1430 2530 aequator,
1453 2479 1493 2509 ‘Y‘
1517 2471 1556 2513 L
1584 2481 1628 2505 ὲ
1657 2467 1857 2524 ecliptica,

153 2548 196 2582 et
225 2540 262 2581 P
282 2539 321 2581 L
341 2537 413 2590 AE,
445 2538 589 2580 circuli
618 2539 824 2595 quadrans
852 2544 1054 2599 aequatori
1083 2543 1438 2600 perpendicularis
1458 2542 1503 2582 in
1526 2540 1600 2591 AE,
1631 2548 1673 2581 et
1691 2537 1796 2581 datis
1815 2538 1859 2580 in

150 2609 361 2666 triangulo
389 2609 595 2664 sphaerico
625 2609 684 2651 AE
718 2618 759 2649 ‘v'
792 2612 831 2654 L
865 2615 1106 2672 rectangulo
1133 2615 1176 2655 in
1207 2614 1280 2666 AE,
1320 2614 1448 2655 latere
1483 2627 1556 2654 seu
1586 2610 1858 2652 declinatione

157 2683 265 2726 Solis
286 2682 325 2724 L
345 2681 417 2733 AEs
440 2689 482 2723 et
500 2683 654 2740 angulo
675 2683 734 2725 AE
756 2692 796 2722 ‘V'
822 2686 872 2736 L,
905 2691 977 2729 23⁰
1006 2690 1088 2737 29',
1110 2687 1262 2728 dantur
1280 2687 1387 2728 latus
1407 2693 1448 2723 ‘v‘
1472 2684 1530 2725 AE
1550 2682 1734 2724 ascensio
1748 2690 1860 2724 recta

112 2765 117 2770 “
150 2755 267 2805 solis,
299 2770 373 2796 seu
401 2742 546 2809 puncti
577 2755 630 2806 L,
652 2765 693 2798 et
712 2757 820 2799 latus
841 2766 882 2797 ‘Y'
906 2759 945 2800 L
965 2760 1079 2815 quod
1099 2768 1162 2801 est
1181 2759 1364 2815 ejusdem
1384 2756 1613 2814 longitudo,
1635 2754 1720 2816 imo
1739 2755 1861 2797 datur

152 2827 284 2875 ¹etiam
303 2826 480 2883 angulus
502 2825 560 2867 AE
581 2827 620 2868 L
642 2836 698 2879 φ,
728 2845 851 2886 quem
877 2832 1055 2873 circulus
1084 2832 1369 2874 declinationis
1390 2831 1516 2872 efficit
1533 2843 1627 2871 cum
1647 2827 1860 2884 eclipticam

164 2896 273 2941 cum
301 2896 400 2939 vero
428 2904 582 2952 praeter
611 2901 808 2957 angulum
830 2903 888 2944 AE
911 2911 952 2941 ‘v‘
976 2904 1027 2954 L,
1059 2904 1156 2945 data
1179 2903 1302 2945 fuerit
1321 2902 1537 2962 longitudo
1557 2910 1598 2941 ‘Y'
1622 2902 1676 2953 L,
1698 2900 1863 2943 dabitur

160 2979 250 3012 tum
271 2978 314 3010 ‘V’
335 2969 395 3012 AE
415 2971 601 3012 ascensio
620 2981 745 3025 reeta,
767 2984 855 3016 tum
878 2975 936 3017 AE
959 2976 1011 3027 L,
1034 2976 1264 3018 declinatio.
1571 2992 1573 2994 ·
