2092 3470
259 236 324 291 18ς
630 242 1083 287 PHILOSOPHIAE
1114 243 1477 286 NATURALIS

252 355 458 398 aberratio
487 355 612 413 quam
640 357 811 399 minima
839 374 864 400 a
892 359 1053 400 ratione
1083 357 1292 413 duplicata
1320 361 1412 413 (per
1442 357 1583 399 Corol.
1601 363 1637 398 1.
1662 358 1789 412 Prop.
1814 357 1958 399 XLV.

251 428 346 470 Lib.
370 429 423 480 Ι.)
452 436 611 470 motum
642 430 832 484 apsidum
851 431 896 472 in
916 430 1086 487 singulis
1106 431 1430 473 revolutionibus
1449 430 1685 482 notabilem,
1707 431 1752 472 in
1770 430 1959 486 pluribus

251 514 461 541 enormem
476 499 636 543 efficere
656 500 835 543 deberet.
871 542 877 558 ‚

587 665 966 708 PROPOSITIO
998 666 1081 708 ΙΙΙ.
1144 666 1506 709 THEOREMA
1537 667 1622 709 III.

255 778 355 830 Vim,
379 778 458 834 qud
477 780 601 821 Luna
620 783 817 822 retinetur
838 783 881 822 z'n
903 781 995 821 orbe
1012 795 1094 831 suo,
1115 783 1310 835 respicere
1334 783 1517 831 Terram,
1541 787 1580 822 et
1600 795 1680 822 esse
1698 777 1898 834 reciproce*
1915 786 1961 822 ut

583 854 822 907 quadratum
843 853 1050 894 distantiae
1069 854 1238 894 locorum
1261 854 1312 894 ab
1335 855 1459 906 ipsius
1479 858 1625 893 centro.

308 977 428 1019 Patet
448 979 682 1020 assertionis
696 994 799 1034 pars
819 981 935 1035 prior
953 995 1030 1035 per
1049 980 1357 1036 phaenomenon
1377 988 1555 1030 sextum,
1579 987 1620 1021 et
1633 979 1960 1034 propositionem

248 1049 471 1090 secundam
498 1050 563 1090 vel
592 1051 755 1091 tertiam
783 1051 879 1092 libri
907 1051 1056 1106 primi:
1088 1060 1129 1093 et
1156 1067 1253 1106 pars
1272 1052 1478 1107 posterior
1497 1066 1573 1106 per
1591 1059 1752 1092 motum
1772 1050 1958 1092 tardissi-

247 1134 362 1160 mum
396 1120 551 1161 lunaris
587 1123 761 1178 apogaei.
823 1123 935 1163 Nam
963 1131 1101 1164 motus
1128 1123 1210 1173 ille,
1243 1124 1314 1179 qui
1340 1123 1513 1179 singulis
1540 1122 1868 1164 revolutionibus
1897 1130 1960 1164 est

246 1191 453 1247 graduum
487 1199 648 1232 tantum
677 1192 804 1233 trium
833 1201 875 1234 et
899 1194 1157 1235 minutorum
1183 1194 1310 1235 trium
1339 1194 1382 1233 in
1413 1192 1719 1248 consequentia,
1752 1192 1961 1234 contemni

245 1269 396 1317 potest.
450 1262 570 1303 Patet
591 1262 701 1302 enim
723 1265 815 1317 (per
839 1263 979 1304 Corol.
1006 1270 1042 1304 1.
1066 1264 1193 1318 Prop.
1217 1264 1359 1305 XLV.
1383 1264 1477 1305 Lib.
1502 1264 1555 1316 Ι.)
1577 1263 1690 1319 quod
1710 1263 1745 1304 si
1763 1262 1962 1305 distantia

246 1331 382 1373 Lunae
401 1347 426 1372 a
446 1340 589 1373 centro
604 1332 754 1374 Terrae
775 1333 828 1374 sit
847 1333 901 1374 ad
922 1334 1271 1375 semidiametrum
1293 1335 1440 1376 Terrae
1459 1342 1507 1375 ut
1527 1334 1571 1376 D
1594 1334 1648 1375 ad
1670 1340 1688 1375 1
1708 1350 1720 1384 3
1750 1335 1812 1376 vis
1832 1350 1858 1376 a
1877 1334 1959 1391 qua

243 1412 381 1445 motus
412 1403 504 1444 talis
534 1404 691 1445 oriatur
722 1404 774 1445 sit
799 1405 1011 1460 reciproce
1031 1412 1079 1446 ut
1098 1405 1143 1446 D
1165 1405 1284 1457 2333,
1307 1405 1351 1445 id
1372 1413 1444 1455 est,
1469 1403 1678 1458 reciproce
1698 1412 1744 1446 ut
1764 1419 1813 1446 ea
1831 1405 1961 1460 ipsius

244 1476 290 1517 D
311 1475 489 1532 dignitas
511 1476 627 1531 cujus
648 1476 777 1517 index
797 1484 859 1518 est
876 1476 994 1528 223}ae
1009 1476 1090 1517 hoc
1112 1485 1185 1526 est,
1204 1477 1247 1517 in
1263 1477 1422 1517 ratione
1439 1468 1646 1517 distantiae
1660 1474 1787 1530 paulo
1804 1477 1960 1532 majore

245 1546 371 1603 quam
402 1548 611 1603 duplicata
645 1548 821 1599 inverse,
856 1549 930 1590 sed
957 1564 1052 1604 quae
1085 1549 1274 1603 partibus
1306 1549 1390 1599 59}
1418 1548 1612 1603 proprius
1633 1547 1687 1589 ad
1706 1548 1960 1603 duplicatam

245 1617 369 1673 quam
400 1617 454 1658 ad
474 1618 723 1672 triplicatam
753 1618 924 1660 accedit.
986 1618 1133 1660 Oritur
1163 1617 1263 1659 vero
1295 1619 1348 1659 ab
1375 1618 1535 1659 actione
1566 1617 1673 1659 Solis
1703 1620 1767 1672 (ut
1785 1617 1960 1672 posthac

246 1690 424 1743 dicetur)
455 1698 497 1731 et
524 1698 748 1745 propterea
774 1690 845 1731 hic
874 1690 1149 1746 negligendus
1170 1698 1243 1730 est.
1300 1690 1352 1744 (¹³)
1369 1689 1625 1750 Actio'Solis
1646 1687 1848 1744 quatenus
1871 1689 1959 1732 Lu-

246 1776 345 1804 nam
366 1760 558 1804 distrahit
577 1777 602 1802 a
623 1759 771 1816 Terra,
805 1760 852 1815 (ὓ)
876 1767 938 1805 est
966 1768 1012 1804 ut
1037 1760 1230 1802 distantia
1260 1759 1396 1803 Lunae
1417 1775 1441 1804 a
1461 1758 1595 1801 Ten-fi
1615 1759 1958 1818 quamproxime3

245 1884 325 1915 forte
340 1884 453 1915 actioni
467 1890 588 1915 mutum
602 1884 773 1916 vicinorum
789 1884 984 1924 planetarum
998 1886 1079 1916 inter

245 1937 298 1965 se;
331 1927 375 1957 sic
404 1927 479 1957 cum
504 1937 586 1958 anno
613 1918 693 1959 17ὃῦ
722 1928 874 1958 Saturnus
899 1934 930 1958 et
955 1928 1081 1967 Jupiter

246 1970 403 2010 conjuncti
417 1970 544 2007 fuerint,
562 1976 592 2001 et
612 1969 684 2000 cum
701 1969 824 2000 nonnisi
839 1970 977 2011 quinque
991 1971 1080 2001 annis

246 2012 417 2052 nonaginta
431 2012 579 2053 gradibus
594 2024 612 2043 a
626 2023 658 2042 se
672 2019 785 2042 mutuo
807 2012 974 2049 discedant,
998 2019 1082 2052 patet

245 2053 330 2095 quod
344 2056 383 2085 ab
397 2064 480 2085 anno
495 2058 575 2091 1698
588 2056 627 2086 ad
639 2065 758 2085 annum
774 2058 852 2086 1708
865 2055 990 2094 Jupiter
1001 2057 1082 2086 inter

249 2097 354 2127 Solem
369 2103 400 2127 et
416 2097 587 2128 Saturnum
607 2103 671 2128 erat
689 2103 836 2135 versatus,
859 2098 987 2138 ejusque
1002 2099 1082 2128 actio

245 2139 279 2168 in
306 2139 476 2170 Saturnum
501 2140 650 2180 adjuncta
671 2140 772 2170 fuerat
797 2140 911 2170 actioni
943 2140 1022 2171 Solis
1048 2140 1081 2170 in

249 2182 439 2220 Saturnum3
462 2182 562 2221 posito
584 2189 690 2213 autem
711 2182 794 2223 quod
813 2182 918 2213 revera
935 2183 981 2213 vis
1003 2182 1082 2212 Solis

247 2223 280 2254 in
305 2224 475 2254 Saturnum
497 2224 652 2255 decrescat
666 2224 839 2255 secundum
855 2226 1003 2265 quadrata
1019 2225 1081 2255 dis-

247 2266 424 2307 tantiarum,
448 2273 479 2297 et
502 2267 590 2298 Jovis
610 2267 840 2306 interpositione
861 2268 923 2297 vim
942 2267 1083 2308 qualem-

226 2309 228 2311 ’
246 2319 382 2349 cumque
393 2309 439 2339 illi
454 2308 527 2339 addi
541 2320 611 2349 quae
627 2310 659 2340 X
671 2309 801 2347 dicatur,
815 2320 854 2340 ex
867 2309 1083 2350 Propositione

250 2351 360 2383 XLV.
383 2351 477 2391 primi
495 2352 584 2383 Libri
607 2353 768 2383 habebitur
792 2352 945 2393 angulum
970 2352 1084 2393 apsidis

246 2430 318 2461 imae
341 2440 415 2461 cum
439 2429 564 2461 summa
584 2440 650 2461 esse
667 2430 766 2461 1803‘.
789 2432 832 2471 4!
853 2403 998 2497 ἓξὲξ
1029 2430 1083 2462 sed

251 2503 264 2581 ἰ
283 2499 414 2593 ..Li-3}
441 2531 487 2555 est
515 2524 626 2556 fractio
654 2523 786 2565 ideoque
807 2523 860 2554 ille
881 2523 1017 2564 angulus
1037 2529 1084 2554 est

248 2594 349 2624 minor
376 2593 479 2624 lgosr.
494 2592 669 2634 regreditur
687 2592 792 2633 itaque
811 2590 891 2630 apsis
910 2601 948 2621 ex
963 2590 1010 2621 his
1024 2592 1081 2631 hy-

247 2636 426 2674 pothesibus
440 2634 532 2675 plane
547 2641 584 2666 ut
597 2635 807 2666 observatione
828 2639 965 2665 constat:
983 2634 1082 2674 ,unde

249 2688 313 2708 non
334 2677 462 2709 obscure
483 2677 642 2718 colligitur
664 2676 857 2716 apheliorum
880 2675 1013 2706 fixarum
1033 2686 1081 2705 re-

250 2727 354 2759 spectu
375 2721 462 2761 quies
485 2721 625 2762 (semotis
639 2719 688 2750 his
702 2717 944 2749 accidentalibus
965 2718 1079 2758 causis)

250 2772 286 2793 ac
301 2773 354 2801 per
369 2773 558 2803 consequens
572 2761 657 2804 quod
672 2761 752 2792 vires
767 2761 879 2802 quibus
893 2760 1027 2799 planetae
1041 2760 1079 2790 ad

253 2804 357 2835 Solem
380 2806 586 2842 retrahuntur,
609 2810 684 2835 sunt
703 2803 737 2834 in
751 2802 909 2843 duplicata
923 2802 1083 2833 distantia-

249 2857 321 2877 rum
336 2847 452 2878 ratione
473 2846 626 2885 accurate,
642 2846 795 2887 siquidem
810 2846 836 2876 si
851 2845 899 2876 vel
913 2845 979 2876 unii
993 2855 1081 2875 sexa-

239 2885 369 2930 ‘gesima
389 2895 475 2928 parte
495 2890 654 2921 accederet
677 2889 757 2920 ratio
770 2899 788 2919 a
803 2887 962 2928 duplicata
976 2887 1015 2918 ad
1030 2887 1083 2918 tri-

250 2931 406 2971 plicatam,
430 2931 551 2971 apsides
570 2933 670 2963 tribus
691 2931 731 2962 ad
751 2931 920 2961 minimum
939 2929 1087 2971 gradibus

250 2973 516 3014 progrederentur,
544 2980 580 3004 ut
605 2975 852 3005 demonstratum
880 2972 942 3004 fuit
966 2972 1001 3003 in
1023 2971 1087 3002 fine

250 3015 342 3057 primi
361 3016 476 3048 Coroll.
498 3017 591 3055 Prop.
611 3020 684 3048 45⁸2·
700 3017 770 3048 Lib.
793 3016 821 3047 1.

1166 1883 1210 1926 (δ)
1227 1885 1246 1904 θ
1263 1884 1351 1915 Actio
1372 1884 1445 1917 Solis
1463 1882 1615 1925 qm‘z'tenus
1632 1884 1760 1915 Lunam
1778 1884 1919 1914 distrahit
1937 1893 1959 1914 a

1128 1926 1236 1958 Τεννᾶ.
1285 1929 1302 1946 *
1326 1927 1437 1957 Motus
1451 1927 1571 1967 apogaei
1585 1925 1702 1956 lunaris
1715 1924 1879 1955 uniformis
1893 1934 1958 1955 non

1123 1975 1177 2006 est,
1205 1969 1260 1999 sed
1283 1968 1451 2009 aliquando
1477 1969 1624 2008 procedit,
1647 1967 1813 2007 aliquando
1831 1967 1956 2005 recedit,

1124 2011 1292 2052 aliquando
1316 2011 1452 2050 quiescit,
1476 2012 1529 2042 sed
1544 2012 1586 2041 ita
1600 2016 1637 2041 ut
1650 2010 1795 2040 omnibus
1811 2019 1958 2049 compen-

1124 2055 1196 2084 satis
1210 2055 1435 2094 progrediatur,
1452 2060 1483 2084 et
1497 2059 1566 2083 octo
1581 2059 1637 2083 aut
1650 2062 1762 2083 novem
1776 2052 1866 2082 annis
1878 2055 1953 2083 360.

1123 2107 1170 2137 gr.
1197 2097 1400 2135 percurrerit3
1424 2096 1537 2135 pariter
1559 2102 1591 2126 et
1612 2095 1692 2126 actio
1714 2094 1793 2125 Solis
1809 2093 1957 2135 quii‘Lu-

1124 2149 1197 2169 nam
1219 2139 1360 2169 distrahit
1382 2149 1401 2169 a
1426 2137 1524 2169 Terra
1546 2148 1610 2168 non
1631 2143 1677 2168 est
1698 2136 1854 2173 continua,
1875 2136 1957 2167 actio

1127 2181 1207 2212 Solis
1233 2181 1360 2212 Lunam
1383 2192 1402 2212 a
1428 2179 1527 2212 Terra
1554 2179 1694 2211 distrahit
1719 2178 1794 2208 dum
1818 2178 1919 2209 Luna„
1937 2189 1958 2210 a

1125 2223 1251 2264 syzygia
1272 2234 1336 2254 non
1357 2223 1427 2262 plus
1446 2222 1540 2264 quam
1555 2225 1606 2254 55.
1624 2221 1770 2262 gradibus
1790 2221 1862 2253 hinc
1883 2220 1958 2252 inde

1126 2266 1274 2303 discessit,
1297 2267 1377 2296 circa
1391 2265 1592 2306 quadraturas
1606 2262 1678 2294 verb
1692 2263 1772 2294 actio
1789 2262 1869 2293 Solis
1883 2273 1957 2295 cum

1128 2309 1234 2339 Terrae
1245 2309 1426 2339 attractione
1446 2307 1608 2343 consentit,
1620 2306 1808 2346 Lunamque
1822 2305 1862 2336 ad
1879 2306 1957 2336 Ter-

1125 2361 1193 2381 ram
1218 2351 1351 2386 attrahit,
1381 2350 1435 2380 sed
1464 2355 1541 2380 tunc
1568 2355 1600 2379 et
1624 2347 1754 2379 debilior
1778 2354 1824 2378 est
1848 2353 1880 2378 et
1900 2357 1957 2387 per

1126 2393 1286 2432 pauciores
1313 2392 1429 2433 gradus
1456 2392 1532 2432 agit,
1575 2389 1671 2431 quam
1699 2390 1780 2421 clrca
1807 2389 1956 2431 syzygias,

1126 2435 1198 2466 hinc
1212 2435 1340 2466 effectus
1353 2435 1408 2475 qui
1421 2434 1549 2465 resultat
1562 2433 1677 2474 pendet
1691 2442 1728 2462 ex
1743 2431 1864 2463 actione
1875 2432 1958 2463 Solis

1125 2476 1189 2518 qua
1206 2478 1298 2508 Luna
1312 2476 1500 2507 distrahitur.
1549 2476 1637 2518 (Lib-
1657 2475 1685 2506 Ι.
1706 2474 1800 2514 Prop.
1819 2474 1952 2506 LXVI.

1128 2520 1200 2551 Cor.
1219 2524 1248 2551 6.
1268 2523 1296 2551 7.
1317 2523 1346 2550 8.
1365 2529 1437 2550 cum
1451 2517 1560 2558 notis.)

1168 2561 1213 2604 (⁰)
1234 2564 1250 2582 ⁸
1275 2564 1332 2594 Est
1355 2568 1391 2593 ut
1411 2562 1553 2592 distantia
1575 2562 1679 2592 Lunae
1698 2571 1718 2590 a
1746 2557 1842 2591 Terra
1921 2570 1956 2590 m

1119 2604 1262 2645 proxime?-
1305 2607 1322 2624 '⁹
1341 2604 1472 2643 Propter
1485 2610 1607 2634 motum
1623 2601 1757 2633 Telluris
1770 2611 1844 2632 cum
1859 2569 1956 2647 ffluss

1125 2646 1206 2677 circa
1223 2647 1336 2685 Solem,
1360 2646 1466 2677 omnia
1484 2651 1600 2685 puncta
1618 2644 1735 2675 lunaris
1756 2645 1863 2675 orbito
1883 2652 1955 2675 suc-

1125 2688 1237 2721 cessive
1266 2690 1468 2720 obvertuntur
1499 2687 1572 2725 Soli,
1603 2693 1634 2718 et
1658 2692 1818 2717 versantur
1845 2685 1879 2716 in
1903 2695 1955 2726 sy-

1124 2731 1223 2772 zygia.
1253 2737 1360 2771 postea
1387 2729 1460 2763 verb
1487 2729 1521 2760 in
1549 2728 1745 2770 quadratura,
1761 2733 1793 2760 et
1819 2726 1894 2759 cum
1917 2737 1956 2759 en

1126 2774 1224 2804 orbita
1252 2783 1315 2804 non
1344 2773 1383 2804 sit
1408 2772 1542 2815 circulus
1573 2772 1663 2813 cujus
1693 2771 1788 2802 Terra
1815 2769 1855 2801 sit
1869 2779 1955 2800 ·cen-

1126 2822 1220 2853 trum,
1243 2821 1327 2855 patet
1347 2821 1462 2854 puncta
1487 2815 1682 2855 syzyginmm
1701 2819 1733 2844 et
1754 2811 1955 2853 quadratum-

1127 2868 1209 2894 rum,
1227 2868 1311 2888 nunc
1322 2857 1468 2889 viciniora
1482 2867 1566 2887 nunc
1580 2855 1744 2888 remotiora
1753 2854 1820 2885 fore
1833 2854 1953 2893 Tel-reg

1124 2901 1191 2942 jam
1200 2899 1272 2931 vero
1288 2900 1333 2930 vis
1347 2899 1410 2940 qua
1424 2900 1475 2932 Sol
1485 2899 1623 2930 distrahit
1635 2898 1758 2929 Lunam
1769 2907 1789 2928 a
1801 2896 1908 2934 Ter-rii,
1920 2897 1956 2927 in

1129 2943 1268 2983 syzygiis
1293 2942 1372 2973 sicut
1396 2948 1427 2973 et
1449 2942 1494 2972 vis
1518 2942 1580 2983 qua
1604 2941 1658 2972 Sol
1675 2940 1802 2972 Lunum
1830 2939 1958 2970 attrahit

1132 2986 1261 3016 Terram
1275 2995 1379 3015 versus
1398 2985 1433 3015 in
1446 2983 1647 3026 quadraturis,
1662 2980 1770 3013 crescit
1782 2981 1956 3012 secundum

1130 3027 1289 3059 distantias
1305 3027 1407 3059 Lunae
1430 3038 1449 3059 a
1476 3026 1582 3065 Terra,
1602 3026 1635 3056 in
1658 3024 1696 3056 iis
1714 3031 1818 3055 autem
1832 3022 1957 3065 punctis

1563 244 1658 295 [Dr.
1680 242 1811 284 thss
1835 243 1966 286 Srsrcsi
2091 226 2092 229 Ἴ
