2092 3470
146 220 251 263 cst.
274 219 356 272 IL]
644 219 733 261 AD
763 217 1060 262 TERTIUM
1092 219 1353 292 LIBRUM.
1481 250 1483 252 -
1747 226 1849 268 xxiii

139 335 281 393 igitur,
305 335 452 385 Lunae,
473 335 656 377 fixarum
675 349 724 376 ac
743 335 928 379 siderum
944 335 1132 381 omnium
1146 335 1266 377 extra
1280 343 1517 381 terrestrem
1532 341 1850 397 atmosphaeram

140 407 469 458 constitutorum,
488 406 725 462 inparibus
740 419 768 447 a·
785 406 941 448 vertice*
957 405 1167 448 distantiis
1180 406 1453 453 rest-actionus
1470 420 1567 453 sunt
1586 413 1777 469 aequales.

197 484 266 521 26.
313 478 506 520 Siderum
543 476 736 519 refi'actio
769 477 825 519 ad
859 477 1044 535 singulos
1084 477 1316 535 altitudinis
1353 480 1524 536 gradus,
1564 483 1850 526 observatione

139 551 303 594 definiri
335 559 484 607 potest.
545 551 648 593 Esto
684 550 733 592 H
770 551 811 592 R
844 549 1030 601 horizon,
1070 551 1106 592 P
1139 551 1262 606 polus
1291 552 1453 603 mundi,
1485 553 1545 597 AE
1576 554 1620 603 Q
1649 565 1851 612 aequator,

141 624 179 667 P
201 624 236 666 Z
257 625 308 666 H
335 624 601 674 meridianus,
636 623 671 664 Z
694 623 724 665 S
745 623 786 663 V
814 623 994 665 circulus
1028 623 1247 674 verticalis,
1283 624 1319 668 P
1342 625 1374 667 S
1392 625 1438 667 D
1468 633 1510 667 et
1541 625 1578 668 P
1597 641 1617 668 s
1637 626 1678 677 d,
1710 628 1854 671 circuli

139 694 436 737 declinationis.
518 694 657 737 Stellae
695 693 794 735 fixae
845 694 881 735 F
918 692 1053 750 prope

139 766 275 809 zenith
315 767 547 810 constitutae
587 766 828 808 observetur
877 765 1051 808 altitudo

138 840 366 882 meridiana
413 839 462 881 H
509 839 558 889 F,
609 853 703 895 quae
742 853 768 880 a
806 836 1053 880 refractione

138 912 268 954 libera
295 919 370 962 est,
408 919 450 952 et
481 909 579 953 inde
609 917 779 953 eruatur
807 910 895 965 ejus
926 909 1053 952 decli-

137 985 250 1026 natio
284 984 319 1026 F
343 983 403 1028 AE
429 983 534 1039 (14).
607 978 775 1024 Deinde
810 982 1052 1025 observetur

137 1056 322 1113 ejusdem
360 1053 491 1097 stellae
528 1055 573 1096 in
616 1055 648 1096 S
684 1054 832 1110 positae
875 1054 1052 1096 altitudo

137 1128 332 1185 quaelibet
368 1127 399 1170 S
419 1126 474 1177 V,
504 1135 547 1168 et
565 1141 646 1182 ope
664 1126 873 1184 horologii
891 1126 1050 1169 oscilla-

136 1200 231 1242 torii
254 1207 420 1241 notetur
435 1207 599 1254 tempus
616 1198 729 1255 quod
749 1199 858 1241 inter
875 1199 1052 1256 primam

138 1283 181 1317 et
209 1274 435 1317 secundam
461 1274 791 1316 observationem
819 1274 1051 1325 intercedit,

136 1355 180 1390 et
188 1347 432 1389 xinveniatur
451 1361 571 1388 arcus
592 1346 815 1402 aequatoris
837 1345 896 1387 AE
917 1346 962 1388 D
983 1347 1059 1402 qui
1105 1365 1107 1369 ¹

135 1435 187 1461 eo
224 1427 413 1474 tempore
450 1432 527 1473 per
573 1418 849 1459 meridianum
891 1418 1054 1460 transiit

136 1491 243 1547 (16).
305 1489 434 1533 Stella
465 1505 559 1546 quae
593 1490 648 1532 ob
682 1490 974 1533 refractionem
1009 1492 1053 1533 in

134 1563 228 1606 loco
259 1563 393 1604 altiori
423 1578 442 1605 s
463 1571 636 1618 apparet
665 1564 718 1605 sit
747 1563 890 1606 revera
920 1564 965 1605 in
997 1565 1041 1615 S,
1074 1564 1153 1606 erit
1183 1565 1220 1607 P
1243 1566 1274 1608 S
1294 1565 1339 1608 D
1360 1565 1540 1610 circulus
1569 1567 1856 1612 declinationis

135 1634 265 1680 stellae
293 1635 337 1677 in
368 1635 399 1678 S
429 1635 677 1686 constitutae,
709 1644 751 1678 et
777 1636 822 1678 in
851 1637 1063 1694 triangulo
1095 1637 1133 1679 P
1155 1637 1189 1679 Z
1212 1638 1256 1687 S,
1288 1637 1468 1680 dabitur'
1484 1640 1660 1698 angulus
1693 1641 1728 1682 Z
1751 1641 1788 1683 P
1811 1642 1855 1690 S,

135 1711 250 1767 cujus
279 1725 473 1752 mensura
502 1718 564 1752 est
592 1725 714 1752 arcus
736 1709 795 1751 AE
818 1710 862 1752 D
894 1725 986 1752 cum
1018 1710 1148 1752 latere
1173 1710 1210 1752 P
1231 1710 1265 1751 Z
1286 1710 1400 1766 quod
1420 1719 1481 1752 est
1499 1711 1695 1754 distantia
1724 1713 1812 1768 poli
1833 1728 1858 1754 a

134 1785 286 1827 vertice
307 1793 348 1826 et
366 1785 495 1826 latere
517 1785 554 1826 P
572 1785 615 1835 S,
638 1783 751 1841 quod
772 1791 834 1824 est
854 1779 1144 1824 declinationis
1161 1783 1205 1825 D
1225 1783 1255 1824 S
1271 1798 1344 1824 seu
1362 1782 1420 1824 ΖΕ
1440 1783 1476 1825 F
1491 1784 1854 1839 complementum,

134 1844 254 1899 unde?
274 1857 484 1899 invenitur
513 1857 621 1898 latus
654 1857 688 1898 z
720 1857 750 1898 s
777 1871 871 1897 cum
893 1856 1111 1906 altitudine
1136 1856 1166 1898 s
1187 1856 1241 1906 v,
1264 1857 1571 1912 complemento
1590 1858 1731 1900 lateris
1755 1859 1789 1901 z
1802 1860 1856 1905 s.

137 1930 183 1973 Si
215 1929 318 1988 ergo
346 1945 401 1972 ex
415 1924 417 1926 ’
430 1929 648 1971 altitudine
677 1928 894 1970 observata
934 1941 954 1968 s
989 1929 1043 1979 V,
1077 1928 1337 1970 subducatur
1364 1928 1539 1971 altitudo
1557 1930 1727 1972 inventa
1751 1931 1782 1973 S
1802 1931 1856 1980 V,

134 2017 229 2059 quae
249 2017 274 2043 a
293 2001 539 2044 refractione
558 2001 689 2042 libera
708 2008 783 2051 est,
806 2000 976 2042 dabitur
996 2014 1117 2042 arcus
1140 2000 1171 2043 S
1188 2015 1221 2050 S,
1243 1998 1436 2044 refractio
1456 2000 1587 2042 stellae
1607 2001 1649 2043 in
1671 2001 1859 2057 quolibet

133 2073 270 2132 gradu
299 2073 543 2115 altitudinis.
605 2072 707 2114 Hoc
732 2072 861 2114 modo
892 2073 951 2114 D.
975 2073 1047 2115 De
1071 2072 1115 2114 la
1143 2072 1255 2114 Hire
1282 2073 1327 2114 in
1358 2073 1532 2114 Tabulis
1554 2073 1859 2115 Astronomicis

134 2144 367 2186 observavit
386 2143 653 2185 refractiones
674 2142 856 2184 siderum
877 2143 1051 2185 diversis
1072 2143 1171 2185 anni
1192 2144 1520 2199 tempestatibus,
1543 2145 1589 2186 in
1608 2145 1701 2200 pari
1721 2144 1860 2187 altitu-

132 2217 230 2260 dine
250 2204 415 2260 easdem
446 2232 535 2259 esse
565 2216 750 2272 exceptis
771 2215 1088 2258 refractionibus
1115 2215 1225 2258 circa
1244 2216 1502 2257 horizontem
1523 2231 1626 2272 quas
1650 2215 1860 2258 nonnullis

133 2290 419 2332 inconstantiis
448 2289 652 2330 obnoxias
668 2296 866 2343 expertus
897 2296 976 2339 est,
1008 2288 1132 2345 atque
1163 2289 1263 2330 hinc
1290 2289 1458 2330 unicam
1489 2289 1673 2331 tabulam
1708 2289 1860 2331 refrac-

134 2361 297 2404 tionum
317 2375 372 2401 ex
391 2359 491 2415 ipsis
511 2358 872 2400 observationibus
892 2358 1117 2400 deductam
1138 2359 1364 2410 constituit,
1382 2373 1506 2415 quam
1519 2368 1666 2414 postea
1680 2359 1860 2401 correxit
1891 2370 1906 2374 “

136 2434 194 2476 D.
228 2432 439 2481 cassinus,
471 2439 512 2472 et
541 2429 589 2472 ea
621 2429 806 2472 correcta
838 2427 1022 2472 utuntur
1043 2431 1282 2472 astronomi.
1350 2430 1563 2480 Quoniam
1594 2430 1694 2472 vero
1723 2430 1860 2472 radio-

136 2519 230 2547 rum
254 2504 361 2546 lucis
389 2503 434 2544 in
464 2502 784 2558 atmosphaeram
816 2502 1094 2544 incidentium
1124 2502 1355 2558 obliquitas⁴
1376 2517 1473 2543 cum
1493 2501 1638 2548 sideris
1659 2517 1684 2542 a
1703 2501 1856 2544 vertice

137 2573 330 2617 distantia
361 2573 520 2623 crescit,
552 2573 701 2615 iisdem
730 2573 1092 2616 observationibus
1122 2573 1284 2614 invenit
1315 2571 1582 2620 refractiones
1617 2572 1800 2614 siderum
1835 2589 1860 2615 a

136 2646 290 2688 vertice
311 2645 364 2686 ad
383 2644 645 2686 horizontem
664 2644 795 2702 usque
815 2645 888 2687 ubi
907 2645 1106 2686 maximae
1126 2653 1237 2694 sunt,
1261 2643 1459 2686 continuo
1480 2643 1624 2700 augeri
1635 2659 1646 2692 ;
1683 2651 1726 2685 at
1745 2644 1860 2700 quod

138 2732 192 2759 ex
220 2716 364 2758 alienis
394 2716 753 2758 observationibus
788 2716 1064 2772 supponebat,
1100 2715 1294 2756 videlicet
1327 2714 1594 2756 refractiones
1628 2714 1859 2756 borealium

12 2790 25 2802 ’“
54 2800 62 2803 “
137 2788 354 2846 regionum
374 2786 464 2842 ipsa
485 2787 609 2828 etiam
629 2795 784 2838 aestate,
807 2787 935 2845 longe
950 2788 1129 2842 majores
1150 2802 1241 2828 esse
1263 2785 1386 2842 quam
1406 2786 1450 2826 in
1470 2785 1585 2827 zonis
1605 2787 1856 2842 temperatis,

137 2860 182 2902 id
210 2859 379 2901 minime
409 2874 554 2900 verum
583 2875 672 2901 esse
702 2860 930 2901 ostendunt
966 2859 1244 2901 accuratiores
1279 2858 1586 2898 observationes
1626 2858 1679 2899 ab
1712 2858 1858 2901 acade-

138 2931 253 2973 micis
295 2931 595 2973 Parisiensibus
636 2931 689 2972 ad
732 2932 933 2973 circulum
973 2931 1159 2986 polarem
1200 2930 1366 2978 habitae,
1406 2929 1554 2985 quibus
1594 2929 1859 2972 refractiones

140 3003 265 3046 ctiam
293 3003 572 3046 horizontales
605 3003 907 3046 Parisiensibus
938 3003 1117 3059 aequales
1147 3003 1405 3044 invenerunt.
1465 3002 1574 3044 Vide
1594 3003 1769 3045 Domini
1789 3004 1858 3046 De

962 3076 982 3104 b
998 3078 1018 3103 4
