2092 3470
6 3449 20 3470 P,

194 246 341 288 Lmen
356 245 592 296 Tem-msa
638 245 958 287 PRINCIPIA
986 244 1476 287 MATHEMATICA.
1826 245 1880 283 55

192 356 414 399 diametros
442 355 675 412 adaugebit,
706 346 828 397 axem
855 355 954 397 vero
982 356 1186 397 descensu
1214 369 1290 395 suo
1316 354 1370 395 ad
1396 354 1514 408 polos
1544 354 1754 410 diminuet.
1815 352 1884 393 Sic

193 427 308 468 Jovis
337 426 534 467 diameter
565 426 931 480 (consentientibus
960 434 1292 468 astronomorum
1321 425 1686 478 observationibus)
1719 423 1884 465 brevior

194 497 517 553 deprehenditur
536 498 644 538 inter
662 498 782 552 polos
804 499 927 556 quam
947 499 999 540 ab
1019 499 1175 539 oriente
1194 498 1238 537 in
1258 495 1523 537 occidentem.
1583 496 1742 536 Eodem
1762 509 1885 551 argu-

194 577 348 618 mento,
379 568 460 609 nisi
490 568 628 612 Terra
649 578 793 612 nostra
810 570 936 626 paulo
955 570 1076 611 altior
1094 576 1202 610 esset
1220 566 1296 608 sub
1307 573 1524 622 -aequatore
1542 564 1664 620 quem
1684 565 1735 604 ad
1752 564 1884 619 polos,
1948 573 1950 575 ’

164 662 169 667 ’
195 640 328 686 maria
352 639 407 684 ad
434 638 556 698 polos
585 642 854 693 subsiderent,
886 649 927 684 et
947 642 1070 696 juxta
1098 646 1348 694 aequatorem
1377 634 1649 684 ascendendo,
1674 634 1731 674 ibi
1750 634 1886 674 omnia

197 715 459 758 inundarent.

517 925 892 988 PROPOSITIO
922 925 1053 967 XIX.
1116 923 1459 966 PROBLEMA
1489 922 1573 963 ΙΙΙ.

225 1064 413 1105 Invenire
429 1065 728 1118 proportionem
747 1063 838 1104 axis
854 1064 1034 1116 planetae
1053 1062 1109 1102 ad
1128 1062 1340 1102 diametros
1359 1061 1483 1101 eidem
1498 1056 1860 1112 perpendiculares.

259 1241 518 1283 Norwoodus
546 1250 687 1284 noster
715 1242 824 1283 circa
852 1255 1015 1299 annum-
1042 1245 1149 1282 1635
1178 1236 1456 1281 mensurando
1478 1232 1712 1276 distantiam
1739 1229 1893 1286 pedum

199 1312 528 1357 Londinensium
553 1319 716 1359 905751
749 1314 857 1355 inter
878 1311 1118 1354 Londinum
1139 1317 1180 1351 et
1199 1300 1448 1357 Eboracum,
1471 1321 1520 1347 ac,
1538 1301 1796 1346 observando
1815 1299 1894 1341 dif-

197 1385 413 1428 ferentiam
446 1386 710 1429 latitudinum
744 1391 770 1426 2
806 1400 869 1442 gr.
906 1385 987 1426 28‘.
1018 1382 1183 1439 collegit
1210 1394 1445 1423 mensuram
1474 1375 1626 1434 gradus
1655 1374 1776 1415 unius
1806 1386 1895 1413 esse

199 1457 355 1511 pedum
376 1457 704 1500 Londinensium
726 1462 907 1506 367196,
929 1456 973 1496 id
993 1464 1055 1496 est
1072 1453 1380 1512 hexapedarum
1402 1448 1865 1493 Parisiensium157300.

260 1529 318 1582 (†)
341 1529 529 1570 Picartus
548 1527 826 1569 mensurando
846 1540 986 1568 arcum
1006 1524 1161 1581 gradus
1180 1524 1301 1565 unius
1322 1530 1363 1563 et
1382 1522 1462 1562 22‘.
1484 1520 1577 1562 55⁰.
1598 1519 1642 1558 in
1667 1515 1895 1557 meridiano

199 1598 307 1640 inter
326 1598 580 1640 Ambianum
600 1606 647 1640 et'
662 1597 967 1646 Malvoisinam,
997 1595 1154 1636 invenit
1180 1607 1321 1635 arcum
1346 1589 1499 1649 gradus
1520 1589 1641 1630 unius
1661 1601 1748 1628 esse
1766 1585 1895 1626 hexa-

241 1727 291 1769 (†)
309 1730 325 1748 ⁸
343 1730 486 1761 Picartus
499 1731 701 1761 mensurando
720 1739 830 1760 arcum
844 1748 894 1758 ....
911 1727 1028 1758 invenit
1068 1734 1220 1766 mensufis
1241 1735 1311 1765 hex,
1341 1721 1470 1772 11161}
1492 1729 1618 1766 invenit,
1650 1725 1797 1759 cassinus
1823 1723 1896 1756 verd

198 1781 309 1801 arcum
322 1771 437 1809 gracias
450 1774 546 1803 unius
565 1782 625 1803 esse
639 1773 743 1811 hewp·
756 1773 870 1802 57060.
904 1772 920 1788 ⁹
937 1770 1028 1800 Circa
1069 1779 1138 1808 hex,
1174 1777 1317 1818 11135{;
1357 1774 1539 1806 discriminis
1567 1778 1671 1803 autem
1698 1769 1793 1809 hujus
1820 1767 1897 1798 ratio

200 1813 281 1842 hanc
298 1813 411 1843 Picarti
424 1823 600 1844 mensuram
614 1813 848 1848 observandum,
863 1811 907 1841 ill.
927 1810 1028 1843 Cassi-

197 1857 274 1884 nuin
284 1854 439 1895 juniorem
454 1855 628 1886 distantiam
642 1861 814 1886 terrestrem
828 1854 907 1884 inter
927 1853 1025 1892 paral-

197 1895 274 1926 lelos
296 1897 491 1927 Malvoisinae
512 1904 543 1928 et
559 1897 707 1928 Ambiani
727 1901 769 1928 42
784 1898 858 1927 hex.
877 1896 1025 1926 imminu-

197 1938 311 1968 endam
334 1939 483 1975 statuisse,
510 1940 613 1978 ipsum
642 1938 715 1970 vero
740 1949 846 1970 arcum
872 1938 1027 1968 coelestem

197 1987 320 2020 propter
340 1981 536 2012 retractiones
560 1982 614 2022 155⁰
633 1991 698 2012 esse
717 1980 917 2022 augendum3
942 1979 1027 2010 unde

198 2032 288 2052 arcus
308 2022 422 2062 gradus
442 2024 537 2053 unius
555 2023 656 2054 evadit
670 2025 778 2062 hexap.
798 2027 912 2054 57010.
959 2022 1027 2052 No-

198 2063 321 2095 vissime
335 2064 408 2095 ver&
430 2066 472 2096 D.
491 2065 530 2096 de
546 2066 741 2104 Maupertuis
755 2075 861 2096 arcum
875 2064 1029 2094 coelestem

199 2106 282 2136 inter
295 2106 438 2139 Lutetias
452 2113 483 2138 et
500 2107 692 2138 Ambianum
706 2107 842 2143 metitus,
857 2107 958 2136 multo
970 2106 1031 2136 mi-

198 2158 304 2179 norem
319 2159 392 2179 eum
407 2149 604 2188 deprehendit
617 2148 712 2190 quem
733 2159 798 2180 esse
811 2148 964 2179 debuisset
982 2157 1031 2178 ω.

199 2190 338 2221 cundum
367 2193 592 2222 observationes
622 2191 747 2228 Picarti,
783 2201 878 2231 quare
907 2191 1031 2220 servatis

198 2233 350 2263 mensuris
370 2234 560 2264 terrestribus
583 2233 707 2270 Picarti,
728 2243 835 2264 areum
849 2232 943 2263 unius
956 2242 1025 2272 gra-

199 2274 258 2305 das
272 2278 376 2306 57188
390 2277 459 2306 hex.
474 2274 696 2307 determinavit.
727 2276 808 2306 Haee
823 2274 916 2315 paulo
926 2273 1027 2304 fusius

155 2343 157 2345 ,
203 2322 276 2348 sunt
288 2317 470 2349 diducenda.

243 2359 272 2389 Ι.
310 2359 395 2391 cum
422 2370 566 2391 mensura
595 2360 711 2391 Piearti
735 2370 755 2391 a
778 2359 964 2391 Malvoisina
987 2358 1027 2389 ad

202 2401 395 2432 Sourdonem
419 2402 571 2442 procedat,
595 2409 628 2433 et
651 2403 724 2434 hinc
746 2402 786 2433 ad
814 2401 1026 2445 Ambianum3

203 2443 345 2474 Pie-artus
358 2444 533 2476 distantiam
547 2455 566 2475 a
582 2445 769 2478 Malvoisina
779 2444 817 2475 ad
835 2443 1028 2475 Sourdonem

199 2495 255 2524 per
268 2486 346 2516 duas
359 2487 586 2528 triangulorum
599 2487 692 2518 series
707 2487 908 2523 determinnt3
931 2496 1028 2516 unam

200 2528 387 2567 praecipuam
407 2535 495 2560 vocat
515 2530 662 2569 quoniam
683 2540 720 2560 ea
739 2529 806 2569 ipsa
826 2534 891 2560 erat
904 2528 966 2568 quai
980 2528 1027 2558 uti

200 2569 338 2609 primum
359 2572 566 2609 constituerat,
588 2571 642 2602 sed
663 2571 736 2602 cum
757 2570 873 2612 aliquid
887 2570 973 2600 dubii
994 2570 1029 2600 in

200 2611 240 2642 eit
253 2614 445 2650 observasset,
461 2613 586 2644 alteram
600 2613 743 2651 instituit,
758 2623 850 2654 quam
866 2612 960 2652 priori
972 2622 1028 2642 an-

201 2654 335 2693 teposuit
347 2655 421 2695 quia
441 2656 686 2687 observationum
701 2657 734 2686 in
748 2655 786 2687 ea
798 2656 948 2686 factarum
963 2664 1028 2685 cer-

201 2696 261 2726 tior
281 2697 338 2727 sibi
359 2697 518 2728 videbatur
535 2703 567 2728 et
584 2698 723 2729 accurate
736 2697 942 2729 consentiebat
955 2707 1029 2727 cum

201 2738 267 2769 basi
280 2739 422 2778 proxima
435 2745 507 2770 actu
519 2740 714 2771 mensurata:
732 2738 787 2771 111.
796 2739 868 2770 vero
882 2739 1028 2770 eassinus

202 2780 377 2811 distantiam
398 2782 478 2812 inter
497 2782 656 2821 parallelos
676 2782 871 2813 Malvoisinae
885 2787 916 2812 et
932 2782 1026 2812 Sour-

202 2832 292 2863 douis
313 2842 351 2863 ex
375 2832 469 2872 priori
492 2833 568 2863 serie
591 2827 772 2864 determinat
801 2823 933 2876 68325}
953 2833 1023 2863 hex.

204 2874 281 2906 dum
303 2876 443 2906 eamdem
472 2875 646 2906 distantiam
673 2876 823 2911 Picartus,
848 2877 899 2906 cui
923 2875 967 2906 ill.
988 2875 1029 2905 de

204 2917 399 2955 Maupertius
413 2918 606 2957 suffragatur,
621 2917 696 2948 facit
708 2919 777 2948 hex.
795 2922 909 2950 68347.

248 2959 406 2990 Differunt
432 2961 545 2990 iterum
576 2959 716 2990 Pioertus
741 2966 773 2991 et
806 2960 1029 2991 illustrissimus

207 3001 352 3032 Cassinus
365 3002 399 3033 in
413 3001 557 3032 distantia
570 3002 650 3031 inter
666 3002 857 3033 Sourdonem
871 3008 901 3033 et
918 3002 1028 3032 Ambi-

204 3053 309 3082 anum,
328 3040 405 3075 *eam
427 3045 509 3074 enim
534 3043 710 3075 distantiam
736 3044 877 3076 Picartus
901 3054 940 3075 ex
965 3044 1029 3075 suis

1070 1819 1187 1859 duplex
1202 1825 1255 1855 est,
1272 1828 1345 1850 nam
1358 1817 1433 1848 eum
1446 1822 1576 1856 uterque
1585 1811 1756 1853 triangulos
1766 1810 1898 1840 formare

1067 1862 1194 1902 incipiat
1214 1861 1247 1891 in
1268 1860 1349 1891 linea
1368 1870 1438 1900 quae
1459 1856 1647 1897 intercipitur
1665 1857 1745 1884 inter
1762 1852 1897 1883 Sourdo-

1069 1914 1142 1934 nem
1157 1909 1188 1934 et
1203 1903 1349 1934 Mentem
1365 1901 1574 1936 Desiderium,
1596 1898 1640 1928 ill.
1662 1895 1808 1927 cassinus
1828 1903 1898 1942 eam

1068 1946 1182 1977 lineam
1196 1946 1324 1976 assumit
1337 1946 1406 1975 hex.
1426 1942 1530 1983 7116}
1539 1942 1630 1982 juxta
1643 1940 1774 1978 priorem
1788 1945 1898 1984 seriem

1069 1988 1295 2029 triangulorum
1312 1987 1437 2023 Picaffi,
1448 1992 1479 2016 et
1497 1985 1636 2015 Picartus
1649 1981 1776 2011 alteram
1787 1987 1898 2008 senem

1071 2031 1255 2062 verificatam
1275 2039 1330 2068 per
1348 2029 1444 2060 basim
1465 2027 1637 2066 proximam
1651 2028 1721 2053 actu
1737 2029 1897 2068 mensura-

1073 2079 1138 2103 tam
1151 2081 1346 2112 anteponens,
1370 2081 1438 2102 eam
1458 2071 1572 2099 lineam
1595 2064 1699 2104 712Ξὲ
1716 2062 1892 2110 hez-fam:

1074 2114 1146 2144 cum
1161 2114 1234 2146 vero
1248 2113 1373 2144 diversis
1386 2111 1548 2152 triangulis
1564 2109 1635 2139 inde
1649 2108 1688 2138 ad
1705 2106 1897 2153 Ambianum
1923 2107 1925 2113 '

1072 2157 1122 2187 usi
1136 2157 1204 2192 sint,
1227 2157 1261 2186 in
1274 2156 1312 2186 iis
1324 2155 1486 2194 triangulis
1499 2150 1631 2183 occurrit
1645 2146 1800 2195 sensibihs.
1807 2146 1897 2176 d1ffe-

1072 2199 1170 2229 tentia
1183 2210 1252 2240 quae
1266 2208 1330 2228 sese
1344 2197 1444 2237 prodit
1464 2196 1497 2225 in
1519 2193 1634 2234 angulo
1650 2190 1802 2222 Sourdom
1817 2188 1897 2219 facto

1067 2240 1148 2271 iuter
1168 2241 1264 2271 lineas
1276 2240 1350 2270 inde
1363 2238 1403 2269 ad
1421 2237 1610 2268 Ambianum
1624 2239 1656 2265 et
1670 2234 1814 2264 Mentem
1831 2231 1897 2261 De-

1069 2283 1216 2313 siderium
1230 2288 1396 2321 protensas,
1409 2290 1483 2310 nam
1496 2279 1523 2308 is
1539 2278 1662 2308 Picano
1669 2282 1717 2306 est
1730 2272 1818 2305 1370.
1834 2273 1893 2304 56‘.

1073 2325 1138 2355 10¹¹.
1152 2324 1286 2366 angulus
1299 2329 1404 2354 autem
1417 2322 1499 2352 idem
1512 2331 1530 2350 a
1543 2319 1670 2351 Cass'mo
1678 2315 1897 2348 determinatur

1072 2366 1162 2398 1570.
1180 2367 1237 2398 58¹.
1254 2366 1322 2403 80⁶,
1344 2375 1382 2396 ex
1396 2363 1459 2405 quis
1479 2360 1652 2402 differentia
1666 2361 1704 2391 2¹.
1722 2357 1789 2406 40¹}
1807 2362 1838 2387 et
1858 2367 1896 2387 ex

1069 2410 1177 2440 baseos
1190 2409 1271 2439 iuter
1287 2407 1478 2439 Sourdonem
1492 2411 1524 2436 et
1539 2406 1683 2435 Mentem
1701 2399 1896 2448 Desa-lenum

1064 2451 1253 2488 diversitate,
1276 2449 1348 2481 oriri
1371 2449 1472 2488 potuit
1493 2447 1657 2478 discrimen
1678 2443 1758 2474 illud
1781 2451 1815 2471 m
1834 2441 1896 2472 dia-

1071 2493 1170 2524 tantia
1183 2494 1263 2524 inter
1280 2492 1471 2524 Sourdonem
1485 2496 1516 2520 et
1532 2489 1732 2520 Ambianum.

1109 2536 1152 2566 In
1172 2546 1246 2567 areu
1268 2541 1371 2566 autem
1393 2533 1505 2564 coelesti
1526 2542 1546 2562 a
1567 2531 1690 2561 Picarto
1710 2531 1894 2562 mensurato,

1072 2578 1261 2609 refractionis
1274 2576 1491 2608 correctionem
1505 2573 1628 2605 adhibet
1644 2570 1789 2618 Cassinus
1802 2578 1896 2618 quam

1071 2621 1248 2662 neglexerat
1271 2620 1430 2656 Picartus3
1460 2616 1534 2648 cum
1555 2625 1628 2655 ergo
1649 2615 1812 2643 invemsset
1835 2611 1896 2641 dis.

1071 2663 1200 2694 tantiam
1213 2656 1298 2704 genu
1315 2661 1485 2700 Cassiopeae
1499 2670 1517 2689 a
1531 2658 1631 2688 zenith
1645 2655 1706 2686 loci
1719 2654 1752 2684 in
1766 2663 1829 2694 quo
1841 2654 1897 2684 ob-

1072 2706 1218 2742 servabat,
1240 2711 1272 2736 et
1285 2704 1339 2745 qui
1353 2709 1418 2734 erat
1434 2706 1471 2732 18
1486 2703 1555 2731 hex.
1574 2696 1760 2732 Malvoisim'i
1773 2695 1896 2726 mendi-

1076 2747 1195 2778 onalior
1206 2747 1254 2779 90.
1268 2748 1326 2778 59’.
1340 2746 1386 2777 5”.
1400 2754 1504 2775 versus
1518 2741 1763 2781 septentrionem,
1777 2743 1808 2769 et
1821 2737 1895 2786 cum

1068 2790 1137 2829 ejus
1150 2790 1247 2820 stellae
1257 2788 1431 2820 distantiam
1444 2798 1464 2817 a
1477 2786 1576 2816 zenith
1590 2783 1650 2814 loci
1664 2785 1704 2814 75
1717 2782 1787 2812 hex.
1804 2790 1897 2829 men-

1070 2832 1229 2862 dionaliori
1241 2830 1335 2872 quam
1346 2830 1426 2860 aedes
1440 2826 1587 2859 Ambiani
1597 2825 1646 2856 80.
1659 2824 1716 2856 ὅθ’.
1733 2823 1798 2855 λα’.
1809 2832 1895 2853 mve-

1070 2874 1174 2911 nisset,
1194 2883 1302 2905 arcum
1315 2874 1395 2903 inter
1407 2871 1509 2901 zenith
1523 2875 1630 2900 eorum
1649 2868 1787 2898 locorum
1802 2865 1894 2913 juxta

1073 2916 1291 2947 Malvoisinam
1316 2921 1348 2945 et
1373 2914 1564 2944 Ambianum
1586 2911 1793 2949 interceptum
1820 2908 1894 2938 fecit

1073 2958 1214 2990 Picartus
1231 2958 1277 2989 10.
1296 2956 1354 2987 22‘.
1372 2955 1438 2988 55''.
1457 2961 1493 2985 ut
1503 2954 1597 2985 refert
1611 2953 1792 2984 Nemouus.

1115 3001 1236 3032 Verum
1260 3005 1382 3040 propter
1408 2997 1619 3028 refractionem
1647 2993 1808 3042 augendas
1830 3002 1895 3023 ese

1066 3043 1126 3076 has
1146 3043 1302 3075 distantias
1324 3053 1343 3072 a
1367 3040 1469 3071 zenith
1493 3039 1599 3070 statuit
1622 3038 1774 3072 Cassinus,
1798 3043 1840 3066 ita
1859 3040 1895 3065 ut
