2092 3470
181 248 185 252 ’
254 255 358 293 226·
648 251 735 293 DE
754 248 966 295 ‘CAUSA
998 253 1273 296 ‘PHYSICA
1304 254 1554 298 FLUXUS

179 2169 182 2170 ⁷
245 2151 392 2207 figurae
423 2151 464 2192 A
486 2151 523 2193 B
545 2167 569 2191 a
599 2151 708 2192 circa
727 2165 847 2191 axem
868 2151 908 2191 A
928 2166 953 2191 a

252 380 333 423 tur,
365 386 453 414 esse
481 371 757 428 sphaeroidem
785 373 966 415 oblatam
995 374 1125 429 qualis
1154 374 1338 435 gignitur
1368 383 1486 418 motu
1516 377 1788 432 semi-ellipsis
1819 378 1856 420 B
1877 394 1902 420 a
1918 379 1949 421 b

253 445 363 486 circa
404 459 525 487 axem
563 445 765 487 minorem
805 446 856 501 (si
894 446 1064 487 materia
1100 446 1246 487 Terrae
1281 461 1360 503 pro
1394 447 1604 504 aequaliter
1638 449 1764 491 densa
1798 449 1949 492 habea„

251 515 336 568 tur)
387 516 754 558 senii-diametrum
801 517 1019 572 aequatoris
1069 531 1158 557 esse
1202 517 1255 558 ad

251 587 493 630 semi-axem
526 596 572 630 ut
601 589 778 646 gravitas
814 588 890 629 sub
923 588 1029 643 polis
1064 588 1108 629 in
1144 587 1250 629 Ter-

250 675 340 702 ram
370 670 431 704 est
460 662 514 703 ad
543 676 755 703 excessum
784 661 993 718 gravitatis
1025 675 1149 715 supra
1171 661 1256 701 vim

249 731 520 790 centrifugam
549 733 625 774 sub
657 741 876 789 aequatore,
914 747 1063 787 corpus
1093 732 1137 772 in
1162 733 1255 773 loco

250 804 394 861 quovis
431 805 467 847 P
497 805 668 847 tendere
697 803 840 847 versus
875 804 1052 845 Terram
1090 804 1131 844 vi
1162 818 1255 859 quae

249 883 311 916 est
350 890 511 930 semper
548 883 594 916 ut
628 881 740 916 recta
775 874 810 915 P
839 874 877 915 L
906 874 1255 929 perpendicularis

250 947 383 1002 ellipsi
416 946 662 1003 generatrici
694 953 734 987 et
766 945 834 986 axi
862 945 1009 1000 majori
1036 959 1256 988 occurrens

246 1021 289 1061 in
335 1020 387 1070 L,
434 1027 475 1060 et
513 1014 749 1060 mensuram
792 1017 969 1074 denique
1009 1018 1162 1075 gradus
1210 1019 1254 1059 in

247 1090 476 1131 meridiano
510 1104 600 1130 esse
639 1103 800 1143 semper
839 1096 886 1129 ut
925 1088 1054 1130 cubus
1089 1089 1272 1144 ejusdem
1306 1097 1430 1131 rectae
1467 1089 1503 1130 P
1536 1081 1592 1130 L.'
1668 1087 1779 1130 Haec
1812 1089 1951 1131 omnia

252 1160 440 1203 accurate
481 1161 816 1202 demonstrantur
856 1175 910 1201 ex
951 1159 1030 1202 hac
1075 1160 1366 1216 Propositione
1379 1178 1391 1211 ;
1437 1175 1531 1218 quae
1565 1162 1749 1217 quamvis
1787 1162 1831 1202 in
1866 1162 1951 1203 dis-

248 1234 467 1290 quisitione
496 1233 548 1275 de
576 1232 710 1290 figura
740 1232 886 1275 Terrae
916 1232 1056 1275 eximii
1079 1231 1178 1291 usus
1211 1234 1304 1285 sint,
1339 1233 1408 1275 hic
1434 1233 1566 1274 obiter
1589 1241 1749 1274 tantum
1779 1247 1949 1275 monere

247 1306 449 1348 convenit.

942 1447 1173 1491 LEMMA
1203 1449 1255 1491 V.

305 1576 371 1618 Sit
391 1576 525 1633 figura
545 1576 700 1633 quaevis
722 1576 762 1618 A
785 1576 822 1618 B
836 1591 885 1617 a:
917 1576 1172 1618 describatur
1192 1575 1367 1618 circulus
1391 1576 1428 1617 C
1449 1577 1492 1618 N
1513 1577 1563 1618 H
1583 1567 1724 1617 centro
1739 1575 1799 1635 Ἀ,
1831 1574 1948 1616 radio

245 1649 391 1704 quovis
421 1649 519 1690 dato
549 1650 591 1691 A
613 1650 675 1699 C';
706 1663 760 1691 ex
790 1649 831 1690 A
860 1649 1059 1691 educatur
1086 1657 1196 1691 recta
1225 1650 1379 1705 quaevis
1409 1651 1449 1691 A
1473 1651 1519 1692 M
1552 1664 1772 1691 occurrens
1801 1649 1948 1706 figurae
1978 1636 1982 1640 ⁵

245 1723 287 1763 A
310 1722 347 1763 B
367 1738 392 1763 a
420 1723 464 1764 in
494 1722 559 1773 M,
589 1730 630 1765 et
650 1722 803 1763 circulo
824 1722 867 1762 in
889 1722 953 1771 N;

244 1791 326 1832 sint
354 1790 407 1832 M
427 1791 470 1840 Q
497 1800 537 1832 et
558 1792 601 1832 N
623 1793 662 1833 R
682 1791 954 1846 perpendicu-

244 1864 364 1906 lares,
383 1866 426 1905 in
455 1880 576 1906 axem
606 1865 750 1906 datum
781 1866 869 1915 Aa,
901 1865 954 1906 sit

247 1937 288 1979 K
305 1938 345 1978 R
373 1952 536 1992 semper
561 1937 730 1993 aequalis
761 1937 950 1978 abscissae

245 2007 286 2048 A
317 2007 371 2057 Q,
410 2016 450 2048 et
477 2007 539 2048 vis
571 2007 650 2063 quii
679 2007 881 2061 particula
911 2007 952 2049 A

244 2087 416 2135 urgetur
450 2078 593 2120 versus
627 2079 803 2120 solidum
836 2087 952 2120 motu

243 2224 442 2281 genitum,
494 2224 572 2265 erit
609 2232 656 2265 ut
695 2239 791 2265 area
829 2238 953 2279 quam

241 2304 414 2351 generat
443 2295 632 2337 ordinata
663 2296 705 2336 K
730 2296 769 2337 R
799 2294 953 2336 directe

242 2374 283 2407 et
303 2367 442 2407 radius
464 2367 505 2408 A
529 2366 565 2407 C
585 2365 757 2407 inverse.

303 2440 507 2481 Occurrat
546 2440 627 2481 alia
665 2447 778 2481 recta
818 2454 871 2480 ex
911 2440 957 2480 A·

243 2512 391 2553 educta
414 2511 561 2569 figurae
589 2512 634 2552 in
662 2526 710 2566 m¹
734 2519 775 2553 et
801 2510 954 2552 circulo

241 2585 283 2625 in
305 2599 347 2635 n,
381 2585 544 2641 sintque
573 2599 616 2626 m
635 2600 663 2640 q
691 2592 733 2626 et
759 2599 788 2624 n
810 2599 830 2624 r
855 2597 954 2624 nor-

240 2658 368 2699 males
381 2659 423 2699 in
439 2673 561 2700 axem
576 2658 617 2700 A
633 2674 669 2699 a.
708 2658 772 2700 Sit
786 2658 827 2699 A
845 2657 878 2698 Z
894 2670 915 2696 z
929 2671 952 2695 a

240 2731 321 2772 alia
341 2731 467 2772 sectio
488 2730 607 2772 solidi
626 2744 702 2785 per
722 2744 854 2779 axem,
884 2727 950 2768 cui
1088 2780 1090 2784 Ι

239 2810 457 2844 occurrant
475 2802 600 2857 plana
621 2802 663 2843 A
686 2801 737 2843 M
756 2802 804 2851 Z,
825 2800 866 2841 A
888 2812 931 2839 m
958 2812 980 2838 z
1001 2789 1141 2851 ipsi'A
1162 2794 1213 2836 M
1234 2808 1258 2834 a
1277 2790 1478 2833 not-malin
1497 2789 1541 2830 in
1560 2789 1681 2830 rectis
1702 2788 1743 2829 A
1765 2787 1812 2837 Ζ,
1843 2786 1885 2828 Α
1902 2801 1940 2837 z,

240 2888 332 2928 quae
353 2875 550 2916 circulum
572 2874 690 2916 radio
712 2875 752 2915 A
776 2873 812 2914 C
842 2872 885 2912 in
913 2870 1039 2925 plano
1060 2870 1101 2909 A
1123 2868 1157 2910 Z
1177 2882 1205 2908 zv
1220 2882 1245 2908 a
1264 2865 1518 2920 descriptum
1537 2870 1676 2906 secent
1694 2861 1738 2902 in
1759 2860 1805 2902 X
1824 2867 1866 2902 et
1883 2875 1940 2910 κς

239 2943 415 2998 denique
437 2959 556 2986 arcus
579 2944 632 2986 M
646 2959 672 2985 ο
693 2942 903 2984 circularis
923 2947 1065 2981 centro
1086 2938 1127 2979 A
1147 2936 1375 2991 descriptus
1396 2941 1585 2977 occurrat
1605 2933 1697 2974 Am
1718 2931 1762 2972 in
1781 2945 1820 2972 ο.
1855 2929 1940 2972 His

237 3012 394 3067 positiS,
427 3014 636 3055 minuatur
666 3013 840 3070 angulus
870 3016 1086 3052 contentus
1115 3007 1248 3062 planis
1281 3008 1321 3049 A
1343 3007 1395 3048 M
1415 3021 1452 3056 a,
1485 3005 1526 3046 A
1548 3004 1582 3046 Z
1601 3018 1637 3054 a,
1666 3009 1707 3043 et
1727 3001 1847 3043 simul
1867 3015 1939 3042 an-

238 3084 360 3142 gulus
383 3085 435 3126 M
449 3085 490 3126 A
506 3100 547 3125 m
569 3085 702 3127 donec
723 3091 978 3133 evanescant,
1002 3089 1042 3123 et
1061 3080 1205 3122 ultima
1225 3080 1331 3126 ratio
1350 3080 1409 3121 vis
1430 3077 1511 3134 qufi
1529 3075 1730 3133 particula
1751 3075 1790 3116 A
1810 3072 1940 3116 tendit
