2092 3470
245 239 335 267 xxx
879 219 1322 263 INTRODUCTIO
1709 217 1838 268 [CAP.
1861 214 1945 256 ΙΙΙ.

301 342 369 383 37.
402 337 485 379 His
513 334 669 389 positis,
701 334 820 376 facile
855 343 918 376 est
952 334 1203 376 micrometri
1231 347 1353 375 usum
1382 332 1625 388 intelligere.
1701 330 1779 372 Est
1811 337 1949 371 autem

242 408 551 450 micrometrum
570 405 890 446 instrumentum
919 404 1034 460 quod·
1051 404 1094 444 in
1114 403 1207 444 foco
1226 403 1347 444 lentis
1368 402 1580 457 objectivae
1601 399 1814 455 telescopii
1833 406 1949 454 apta-

242 488 310 520 tur
343 477 397 518 ad
432 476 736 533 magnitudines
771 484 1015 530 apparentes
1053 489 1147 530 quae
1181 474 1359 530 gradum
1393 486 1523 513 unum
1551 471 1618 513 vel
1647 471 1825 528 gradum
1854 484 1949 511 cum

240 550 407 592 semisse
427 563 511 605 non
532 556 739 602 superant,
772 546 1056 588 dimetiendas.
1136 544 1254 586 Illius
1281 544 1631 586 constructionem
1650 557 1773 599 quam
1795 541 1854 585 D.
1877 542 1948 584 De

239 621 281 662 la
304 620 413 662 Hire
442 619 485 660 in
507 618 682 660 Tabulis
705 617 1005 659 Astronomicis
1039 615 1166 657 veluti
1204 615 1346 656 usibus
1381 613 1683 656 Astronomicis
1717 627 1949 654 accommo-

243 693 446 734 datiorem
485 691 612 742 dedit,
664 690 901 732 referemus.
982 689 1158 730 Constat
1197 702 1250 728 ex
1289 687 1450 727 duobus
1491 685 1657 742 quadris
1697 684 1949 741 rectangulis

239 778 419 820 quorum
456 762 632 804 alterum
663 762 703 802 A
725 761 762 803 C
786 760 824 803 B
844 760 902 810 D,
940 768 987 801 ut
1016 759 1243 814 plurimum
1276 757 1579 814 longitudinem
1611 755 1739 797 habet
1771 755 1950 796 duorum

237 834 436 890 pollicum
465 848 560 875 cum
590 832 756 874 semisse
778 840 819 873 et
838 831 1102 872 latitudinem
1124 828 1246 871 unius
1266 828 1428 884 pollicis
1449 842 1544 869 cum
1566 822 1746 868 semisse.
1809 825 1950 881 Hujus

237 904 398 960 quadri,
430 904 560 945 latera
589 904 714 959 longa
744 901 783 943 A
806 902 863 951 D,
899 901 935 943 C
959 900 1011 951 B,
1043 902 1087 942 in
1115 908 1256 956 partes
1285 899 1463 956 aequales
1484 906 1525 939 et
1545 896 1665 939 tertia
1684 905 1803 952 parte
1828 896 1949 938 unius

222 962 399 1029 ¹pollicis
420 974 526 1015 inter
547 989 589 1014 se
610 973 808 1014 distantes
829 970 1083 1021 dividuntur,
1115 969 1170 1012 ita
1192 979 1331 1012 tamen
1352 978 1399 1010 ut
1417 969 1539 1009 lineae
1560 968 1695 1009 ductae
1714 979 1790 1022 per
1809 967 1950 1023 singu-

238 1043 302 1085 las
323 1043 544 1084 divisiones
565 1043 647 1084 sint
666 1040 719 1084 ad
738 1040 869 1083 latera
889 1042 928 1083 A
946 1042 1003 1091 D,
1029 1041 1065 1082 C
1082 1040 1133 1090 B,
1155 1038 1530 1095 perpendiculares.
1588 1036 1720 1078 Hisce
1740 1035 1950 1078 divisioni-

237 1115 316 1157 bus
349 1115 420 1155 fila
451 1114 579 1156 serica
612 1112 717 1155 bene
749 1122 866 1155 tensa
896 1112 1167 1168 applicantur,
1203 1111 1546 1168 glutinanturque
1582 1109 1688 1150 cera.
1765 1108 1950 1170 Additur

240 1884 359 1928 filum
388 1888 568 1929 sericum
602 1887 644 1928 K
676 1888 727 1938 L,
769 1888 925 1930 dictum
966 1889 1250 1941 transversale,
1292 1892 1405 1947 quod
1433 1891 1487 1933 ad
1516 1891 1690 1949 angulos
1719 1898 1854 1933 rectos
1882 1889 1954 1932 fila

242 1957 444 2012 parallela
476 1957 607 2000 modo
636 1958 843 2014 descripta
871 1975 894 2000 a
923 1960 966 2010 b,
997 1974 1020 2001 c
1041 1960 1083 2012 d,
1115 1976 1138 2002 e
1158 1960 1186 2012 f,
1219 1963 1294 2004 &c.
1327 1970 1437 2004 secet
1466 1970 1508 2004 et
1536 1963 1580 2004 in
1608 1962 1747 2004 medio
1775 1962 1954 2004 laterum

247 2029 289 2070 A
311 2029 362 2080 C,
397 2030 435 2072 B
455 2030 501 2072 D
531 2030 773 2087 glutinatur.
834 2031 1026 2073 Alterum
1057 2033 1262 2088 quadrum
1298 2033 1336 2075 E
1368 2034 1403 2075 F
1438 2033 1488 2075 H
1510 2033 1554 2076 G
1587 2035 1702 2090 cujus
1735 2033 1954 2091 longitudo

243 2099 282 2141 E
306 2100 341 2141 F
370 2115 455 2142 non
486 2103 654 2156 superat
682 2113 812 2142 unum
841 2102 1034 2156 pollicem
1061 2117 1157 2144 cum
1184 2103 1364 2154 semisse,
1394 2104 1450 2145 ita
1469 2104 1600 2159 priori
1619 2103 1954 2145 accommodatur

241 2177 288 2211 ut
323 2171 410 2226 ejus
445 2171 575 2213 latera
608 2172 646 2214 E
678 2173 726 2224 F,
761 2174 803 2216 G
825 2174 886 2224 H,
917 2184 1162 2217 moveantur
1193 2190 1319 2231 super
1347 2177 1477 2218 latera
1497 2176 1539 2218 A
1558 2176 1619 2224 D,
1644 2176 1680 2218 C
1702 2175 1752 2226 B,
1785 2175 1951 2217 alterius

242 2241 389 2297 quadri
412 2257 489 2284 nec
511 2243 562 2284 ab
583 2244 673 2299 ipso
695 2254 950 2300 separentur.
1019 2247 1162 2288 Facies
1177 2247 1300 2303 hujus
1321 2247 1491 2289 secundi
1505 2246 1650 2302 quadri
1671 2261 1764 2302 quae
1778 2245 1952 2288 divisam

241 2313 390 2355 faciem
419 2314 571 2369 prioris
602 2316 781 2370 respicit,
813 2317 886 2359 filo
917 2318 1041 2359 etiam
1070 2319 1201 2360 serico
1232 2327 1274 2360 et
1304 2326 1421 2360 tenso
1446 2318 1476 2358 h
1498 2317 1550 2368 L,
1573 2317 1801 2369 instruitur,
1824 2318 1949 2375 quod,

242 2384 338 2426 cum
370 2394 560 2428 movetur
594 2387 799 2443 quadrum
829 2388 983 2445 ubique
1018 2389 1168 2444 prioris
1201 2389 1350 2445 quadri
1384 2389 1464 2430 filis
1496 2374 1746 2444 parallelum*
1771 2396 1949 2438 maneat,

241 2471 371 2512 eaque
405 2458 686 2512 superlabitur
719 2473 844 2514 quam
877 2458 1082 2514 proxime,
1119 2473 1197 2501 nec
1232 2467 1371 2502 tamen
1408 2460 1466 2501 eis
1501 2459 1693 2501 occurrit.
1769 2458 1952 2501 Cochlea

245 2528 396 2571 deinde
420 2530 470 2571 M
491 2530 546 2589 N,
578 2531 697 2574 lateri
718 2532 756 2573 B
777 2531 835 2581 D,
857 2531 1057 2587 longioris
1080 2531 1229 2587 quadri
1250 2531 1443 2589 affigitur,
1466 2532 1581 2587 cujus
1602 2530 1789 2572 striatum
1810 2545 1950 2586 recep-

240 2600 422 2642 taculum
448 2602 569 2644 lateri
601 2603 636 2645 F
659 2603 708 2645 H
736 2603 902 2644 alterius
932 2603 1118 2645 adhaeret
1147 2611 1188 2646 et
1213 2603 1258 2645 in
1287 2603 1487 2646 foramine
1506 2603 1686 2646 rotundo
1706 2600 1948 2647 circumvol-

243 2671 360 2712 vitur.
423 2674 605 2716 Cochlea
633 2676 801 2732 ejusque
820 2675 1128 2730 receptaculum
1147 2676 1341 2718 auriculis
1364 2677 1407 2727 S,
1434 2678 1478 2729 S,
1498 2676 1744 2719 instructum
1763 2676 1822 2719 ita
1840 2678 1949 2720 inter

241 2758 284 2785 se
311 2744 444 2798 aptari
474 2746 626 2789 debent
646 2755 693 2789 ut
712 2747 1018 2802 receptaculum
1038 2755 1080 2789 et
1100 2747 1306 2804 quadrum
1326 2746 1365 2789 E
1388 2747 1450 2798 H,
1471 2761 1526 2788 ne
1544 2746 1762 2789 minimum
1781 2747 1948 2804 quidem

240 2815 396 2856 moveri
415 2818 557 2870 possit,
581 2819 661 2860 nisi
687 2819 936 2875 receptaculi
963 2828 1081 2862 motu
1111 2820 1404 2862 conversionis.
1465 2821 1686 2870 Quadrum
1705 2821 1746 2864 A
1769 2819 1807 2862 C
1833 2817 1871 2860 B
1885 2820 1945 2871 D,

242 2886 452 2942 telescopii
482 2890 658 2944 cujusvis
686 2892 958 2949 longitudinis
984 2893 1087 2934 tubo
1116 2893 1160 2933 in
1180 2893 1372 2935 distantia
1406 2893 1488 2935 foci
1514 2894 1726 2950 objectivae
1750 2893 1870 2935 lentis
1890 2891 1948 2934 ita

244 2965 408 3013 aptatur
437 2967 482 3000 ut
512 2960 639 3015 ipsius
670 2964 818 3019 quadri
845 2965 1021 3020 planum
1049 2965 1391 3021 perpendiculare
1423 2967 1475 3008 sit
1502 2967 1556 3009 ad
1576 2966 1785 3021 telescopii
1812 2980 1945 3007 axem.

248 3031 332 3073 His
352 3031 408 3074 ita
429 3034 673 3087 constitutis,
699 3037 969 3094 telescopium
989 3038 1032 3079 in
1053 3026 1212 3080 coelum*
1224 3032 1486 3081 convertatur
1506 3048 1547 3082 et
1566 3038 1622 3081 ita
1642 3038 1882 3094 disponatur
1903 3046 1947 3079 ut
