2092 3470
161 222 309 263 Lmnn
325 219 563 271 Tnnrms]
625 216 1474 263 PRINCIPIAMATHEMATICA.
1528 191 1533 207 f
1804 225 1859 262 59

163 335 420 377 descendunt
445 333 491 372 in
519 332 736 375 latitudine
766 331 958 380 Lutetiae,
990 338 1052 372 est
1080 330 1134 371 ad
1163 330 1248 370 vim
1277 331 1547 387 centrifugam
1572 347 1794 389 corporum
1818 334 1863 375 in

161 413 369 461 aequatore
386 411 414 444 'a
428 403 475 443 T
476 417 580 443 errae
598 410 715 443 motu
734 401 885 442 diurno
904 400 1136 450 oriundam,
1164 407 1211 440 ut
1231 403 1342 443 2174
1363 400 1418 440 ad
1439 405 1634 450 7‚54064·,

219 476 295 518 Vis
315 474 544 531 centrifuga
573 488 798 532 corporum¹
822 474 866 514 in
895 482 1104 528 aequatore
1134 472 1280 513 Terrae
1308 479 1370 512 est
1398 472 1453 512 ad
1473 473 1557 514 vim
1576 476 1859 534 centrifugam,

159 548 241 605 quii
272 562 448 602 corpora
478 545 631 587 directe
659 546 836 587 tendunt
863 561 889 586 a
916 544 1048 586 Terrfi
1069 544 1112 584 in
1131 543 1346 584 latitudine
1367 543 1547 585 Lutetiae
1565 547 1771 601 graduum
1791 555 1861 590 48.

161 620 240 662 50'.
273 621 361 669 10''‚
393 619 442 673 (⁰)
463 619 508 659 in
527 617 734 673 duplicat&
763 617 922 658 ratione
941 616 1047 657 radii
1075 615 1130 656 ad
1158 614 1295 655 sinum
1316 614 1606 668 complementi
1634 616 1861 661 latitudinis

158 690 282 740 illius,
313 678 358 730 id
386 698 460 739 est,
492 698 538 730 ut
560 693 741 738 7‚54064
763 687 816 728 ad
838 692 978 737 3,267.
1038 684 1232 727 Addatur
1251 684 1342 725 haec
1361 684 1422 725 vis
1443 684 1496 725 ad
1516 685 1600 725 vim
1620 686 1699 741 quii
1720 692 1862 744 gravia

159 761 416 805 descendunt
428 761 472 805 in
481 760 698 804 latitudine
713 759 782 802 1115
799 758 991 809 Lutetiae,
1006 765 1047 799 et
1062 770 1213 813 corpus
1232 756 1274 797 in
1295 755 1510 798 latitudine
1524 755 1595 799 illa
1610 757 1648 799 vi
1665 759 1749 801 totfi
1765 775 1863 819 gra.

157 837 292 878 vitatis
314 835 514 886 cadendo,
543 843 729 890 tempore
757 834 905 876 minuti
925 834 1045 874 unius
1066 832 1237 874 secundi
1257 832 1462 874 describet
1480 833 1610 875 lineas
1633 839 1858 888 2177,267‚
1909 831 1911 833 ¹

159 923 233 949 seu
260 907 388 962 pedes
419 907 670 949 Parisienses
703 911 754 948 15
785 905 869 962 dig.
894 911 932 948 1.
953 913 995 946 et
1013 905 1085 946 lin.
1108 908 1252 948 5267.
1312 904 1370 946 Et
1397 906 1458 947 vis
1478 912 1565 947 tota
1587 907 1798 962 gravitatis
1818 909 1862 950 in

156 979 373 1020 latitudine
402 979 471 1020 illa
502 979 580 1020 erit
608 977 661 1019 ad
690 977 772 1018 vim
803 975 1076 1033 centrifugam
1107 990 1328 1031 corporum
1347 976 1392 1017 in
1411 984 1620 1032 aequatore
1642 978 1787 1020 Terrae
1815 987 1862 1021 ut

158 1055 372 1101 2177‚267
394 1050 447 1091 ad
469 1055 651 1100 7‚54064
674 1064 747 1091 seu
767 1054 849 1091 289
868 1048 924 1090 ad
948 1053 984 1090 1.

155 1262 184 1282 v.
202 1261 247 1294 gr.
262 1250 288 1281 si
303 1253 406 1282 57226
421 1250 491 1280 hex.
510 1255 659 1286 sumatur,
682 1249 739 1280 erit
753 1249 810 1280 iste
823 1249 909 1280 sinus
922 1258 989 1279 ver-

155 1305 209 1325 sus
229 1288 380 1324 linearum
403 1296 432 1323 7.
451 1295 566 1329 56244,
590 1289 722 1332 idedque
739 1292 784 1322 vis
801 1291 864 1331 qu&
885 1292 990 1332 gravia

157 1336 348 1367 descendunt
372 1335 406 1365 in
430 1334 593 1365 latitudine
619 1334 763 1371 Lutetiae‚
790 1340 836 1364 est
861 1334 901 1364 ad
925 1334 989 1363 vim

156 1378 364 1418 centrifugam
392 1387 555 1415 corporum
583 1377 617 1407 in
645 1383 798 1417 aequatore
825 1382 863 1407 ut
891 1378 985 1407 2173.

156 1424 281 1452 828958
296 1420 335 1450 ad
351 1422 380 1451 7.
399 1423 514 1450 56244.

199 1463 245 1504 (⁰)
267 1466 316 1492 81.
336 1464 353 1482 '¹'
377 1464 418 1493 In
442 1459 597 1501 duplicat&
621 1462 737 1492 ratione
763 1462 851 1492 raclii.
900 1460 989 1496 Qua-

155 1505 248 1535 drans
271 1505 378 1535 circuli
404 1505 434 1534 A
460 1505 489 1534 E
513 1505 545 1534 D
568 1503 742 1534 revolvatur
764 1502 845 1533 circ&
867 1503 989 1533 radium

158 1548 190 1578 A
208 1548 246 1585 C,
261 1547 393 1578 ducatur
405 1546 510 1577 radius
527 1547 553 1577 C
568 1547 601 1577 D
616 1545 656 1576 ad
673 1546 704 1576 A
722 1546 748 1577 C
764 1544 918 1583 normulis,
940 1544 988 1584 ip.

156 2281 243 2322 sique
257 2281 403 2320 pai-allelu
416 2287 526 2322 agatur
540 2281 680 2312 ordinata
696 2281 726 2312 E
738 2280 775 2318 F,
787 2282 844 2314 erit
858 2283 902 2313 vis
917 2292 988 2313 cen-

155 2324 272 2364 trifugn
293 2324 387 2372 iix-D
410 2324 582 2354 secundum
606 2324 806 2354 directionem
828 2326 860 2356 D
879 2326 905 2356 C
925 2327 989 2355 sive

159 2366 190 2396 E
208 2365 244 2402 F,
259 2366 300 2396 ad
314 2376 376 2396 vim
391 2366 595 2407 centrifugam
610 2367 643 2396 in
661 2366 690 2397 E
705 2368 876 2398 secundum
891 2367 987 2398 direc-

157 2408 272 2438 tionem
291 2409 317 2439 C
334 2409 374 2445 E,
398 2408 430 2438 in
445 2409 562 2439 ratione
576 2408 732 2448 duplicata
745 2409 823 2439 radii
849 2411 875 2440 C
894 2411 927 2440 D
949 2410 1002 2446 adi,

157 2451 328 2481 ordinatam
344 2451 373 2481 E
384 2452 409 2481 F
423 2462 494 2491 quae
509 2458 556 2482 est
568 2451 655 2481 sinus
669 2451 884 2490 complementi
901 2450 990 2483 arcus

158 2503 213 2523 seu
262 2491 435 2522 latitudinis
460 2493 489 2524 E
507 2494 551 2524 D.
610 2494 773 2533 Exprimat
799 2495 881 2524 enim
911 2495 944 2525 D
971 2505 990 2524 v

158 2535 220 2564 vim
246 2536 451 2576 cer-trifugam
476 2535 509 2565 in
538 2536 570 2566 D
593 2537 765 2566 seeundum
789 2537 989 2568 directionem

161 2578 194 2607 D
209 2577 246 2613 C,
263 2584 294 2607 et
307 2584 390 2608 recta
405 2578 434 2608 Ε
449 2589 477 2618 y,
494 2579 644 2617 exprimat
659 2579 721 2608 vim
736 2580 940 2620 ceutrifugam
955 2579 990 2609 in

160 2619 191 2649 E
207 2619 378 2649 secundum
393 2619 591 2651 directionem
608 2622 637 2651 E
658 2621 693 2658 F,
717 2621 811 2652 ducta
824 2621 989 2661 perpendi-

158 2661 254 2691 culari
277 2672 298 2699 y
311 2671 331 2691 x
353 2661 393 2692 ad
413 2668 526 2693 rectam
549 2663 579 2693 E
599 2664 634 2700 C,
658 2664 808 2702 exprimet
834 2665 864 2695 E
880 2675 910 2701 x,
926 2664 990 2694 vim

159 2703 365 2744 centrifugam
382 2704 415 2734 in
438 2705 480 2741 E,
503 2706 674 2735 secundum
689 2706 888 2736 directionem
912 2706 942 2737 E
958 2716 988 2743 x,

159 2745 213 2776 sed
236 2752 291 2782 est,
322 2747 411 2777 Dv:
440 2747 626 2786 Ey=D
650 2749 704 2779 C:
736 2749 812 2779 EF
838 2749 926 2790 (Cor.
955 2753 985 2779 3.

161 2788 254 2827 Prop.
275 2789 335 2819 lv.
364 2788 434 2818 Lib.
455 2789 500 2828 1.)
524 2796 554 2820 et
574 2792 621 2822 ob,
635 2790 791 2831 triangula
811 2791 991 2832 rectangula

162 2829 400 2874 Exy‚EFC
423 2830 543 2867 similia,
571 2832 666 2871 Ey:
692 2833 822 2863 Ex==
845 2834 919 2864 EC
941 2833 990 2863 vel

163 2872 197 2903 D
215 2873 240 2903 C
264 2886 271 2903 z
301 2874 330 2903 Ε
350 2873 385 2903 F.
436 2873 550 2910 Quare,
572 2876 786 2914 componendo
809 2877 842 2907 D
858 2886 899 2906 v:
921 2876 951 2906 E
969 2886 990 2906 x

160 2915 476 2953 =DC²,EF2.
499 2916 634 2951 Q.e.d.

205 2959 222 2977 ⁰
240 2957 359 2989 Verum
382 2959 408 2988 si
430 2958 618 2989 meridianus
641 2959 745 2991 Terrae
763 2960 803 2991 sit
822 2960 882 2992 alia
899 2971 992 2991 curva

1031 1248 1127 1291 quam
1147 1249 1281 1281 circulus
1300 1261 1330 1280 ν,
1348 1260 1394 1291 gr.
1418 1250 1458 1281 sit
1477 1250 1602 1291 ellipsis,
1627 1252 1672 1282 vis
1690 1251 1863 1293 centrifuga

1032 1302 1194 1331 corporum
1215 1292 1249 1322 in
1269 1299 1422 1333 aequatore
1436 1293 1542 1324 Terrae
1555 1300 1601 1324 est
1615 1293 1655 1324 ad
1669 1295 1731 1324 vim
1751 1294 1863 1325 centri-

1031 1334 1066 1364 fu
1090 1344 1140 1364 am
1154 1334 1217 1375 qua
1231 1345 1357 1374 corpora
1370 1336 1661 1375 perpendiculariter
1674 1347 1693 1366 a
1709 1336 1804 1367 Terra
1816 1346 1863 1366 re-

1032 1386 1066 1407 ce
1089 1383 1146 1407 unt
1165 1377 1199 1407 in
1220 1377 1382 1408 latitudine
1403 1377 1482 1413 data,
1504 1378 1538 1408 in
1557 1379 1674 1409 ratione
1694 1377 1865 1417 composita

1033 1429 1071 1448 ex
1082 1419 1200 1450 ratione
1210 1419 1287 1450 radii
1296 1420 1336 1450 ad
1346 1421 1449 1450 sinum
1460 1421 1677 1460 complementi
1691 1420 1864 1451 latitudinis

1031 1461 1124 1498 illius,
1141 1468 1171 1492 et
1185 1472 1221 1492 ex
1237 1462 1354 1492 ratione
1367 1462 1445 1493 radii
1456 1463 1627 1502 aequamus,
1640 1463 1679 1493 ad
1691 1463 1864 1493 ordinatam

1031 1503 1099 1544 ejus
1112 1504 1254 1543 ellipseos
1267 1505 1301 1534 in
1315 1503 1353 1535 ea
1373 1505 1535 1535 latitudine
1548 1504 1640 1544 datin
1662 1506 1734 1535 hinc
1749 1515 1804 1544 pro
1818 1505 1863 1535 el-

1031 1545 1101 1585 lipsi
1124 1547 1202 1576 ratio
1226 1546 1272 1576 vis
1294 1547 1477 1587 centrifugae
1498 1548 1532 1577 in
1558 1553 1711 1588 aquator-e
1735 1547 1775 1577 ad
1800 1547 1863 1576 vim

1031 1588 1236 1629 centrifugam
1259 1589 1293 1618 in
1314 1589 1477 1620 latitudine
1498 1588 1572 1620 daea
1593 1591 1780 1629 exprimetur
1804 1591 1864 1620 hoc

1030 1630 1143 1661 modo:
1169 1631 1209 1661 sit
1222 1641 1255 1660 m
1269 1631 1336 1661 axis
1350 1633 1458 1672 major,
1477 1641 1499 1660 n
1514 1632 1579 1661 axis
1593 1633 1702 1667 minor,
1718 1642 1734 1661 r
1747 1631 1862 1668 radiuss,

1030 1682 1049 1702 c
1063 1673 1148 1702 sinus
1176 1674 1393 1712 complementi
1424 1673 1596 1704 latitudinis
1627 1674 1772 1715 quaesitae,
1807 1674 1865 1704 erit

1033 1715 1077 1745 vis
1107 1715 1139 1745 in
1165 1722 1317 1754 aequatore
1342 1716 1383 1746 ad
1407 1715 1469 1745 vim
1497 1717 1530 1745 in
1558 1715 1595 1747 ea
1626 1716 1799 1753 latitudine,
1828 1722 1865 1746 ut

1159 1758 1458 1774 Ἢ

1031 1777 1225 1816 mrffm²
1256 1781 1289 1813 ><
1308 1774 1803 1817 12—c2-1-n2c2adn2c2
1828 1777 1865 1803 ut

1032 1817 1123 1848 facile
1147 1817 1317 1849 deducetur
1339 1828 1377 1848 ex
1401 1818 1542 1858 ellipseos
1567 1817 1677 1852 naturzi
1688 1829 1698 1854 ;
1725 1827 1819 1856 quare
1838 1816 1864 1847 si

1031 1860 1168 1901 fingatur
1181 1870 1215 1890 m
1227 1874 1273 1890 =
1284 1864 1347 1891 250
1362 1867 1393 1891 et
1406 1871 1482 1890 n=
1494 1864 1556 1892 229
1566 1861 1657 1901 juxta
1674 1860 1865 1890 Newtonum

1031 1902 1207 1933 invenietur
1234 1903 1353 1934 calculo
1382 1914 1433 1933 eas
1460 1903 1539 1933 vires
1567 1913 1632 1933 esse
1663 1902 1744 1932 inter
1772 1912 1805 1932 se
1828 1907 1866 1932 ut

1033 1947 1172 1976 7.56244
1197 1944 1234 1976 ad
1261 1949 1411 1982 3.0966o‚
1435 1945 1567 1975 addatur
1589 1946 1655 1975 haec
1677 1945 1724 1974 vis
1742 1943 1782 1974 ad
1801 1944 1865 1973 vim

1033 1986 1096 2026 quii
1110 1988 1215 2028 gravia
1229 1987 1420 2018 descendunt
1433 1987 1466 2016 in
1482 1986 1645 2017 latitudine
1667 1987 1811 2022 Lutetiae,
1834 1992 1866 2016 et

1032 2029 1079 2059 vis
1099 2036 1162 2060 tota
1183 2030 1339 2071 gravitatis
1361 2031 1410 2072 (in
1427 2030 1515 2069 Hyp.
1533 2029 1711 2067 assumptis)
1732 2028 1867 2058 efficeret
1912 2052 1915 2053 γ

1033 2077 1070 2101 ut
1097 2073 1202 2111 gravia
1229 2072 1367 2103 cadendo
1396 2072 1602 2102 describerent
1636 2071 1732 2100 lineas
1768 2074 1861 2100 2176.

1035 2117 1149 2145 92558.
1198 2115 1292 2152 Unde
1316 2115 1362 2145 vis
1384 2120 1448 2145 tota
1472 2112 1629 2154 gravitatis
1650 2113 1684 2142 in
1703 2111 1866 2143 latitudine

1034 2156 1170 2187 Lutetiae
1192 2156 1250 2187 erit
1272 2157 1313 2187 ad
1336 2157 1399 2187 vim
1422 2155 1627 2195 centrifugam
1646 2164 1808 2193 corporum
1832 2155 1866 2184 in

1034 2195 1186 2238 aeq‘uatore
1213 2199 1317 2229 Terrae
1341 2205 1378 2229 ut
1404 2201 1496 2230 2176.
1527 2200 1630 2229 92558
1659 2197 1702 2228 ad
1728 2199 1867 2228 7.56244

1033 2240 1096 2271 sive
1110 2247 1147 2271 ut
1162 2244 1232 2272 287.
1251 2245 1293 2272 86
1307 2241 1347 2271 ad
1364 2244 1390 2271 l.
1511 2239 1522 2249 ⁶

1080 2322 1162 2353 Haee
1172 2328 1275 2353 autem
1287 2322 1332 2352 vis
1343 2321 1498 2362 gravitatis
1508 2322 1542 2352 in
1555 2319 1718 2353 lafltudine
1730 2322 1866 2353 Lutetiae

1035 2375 1101 2396 non
1124 2371 1170 2395 est
1188 2365 1233 2395 vis
1252 2365 1318 2403 ipsa
1338 2365 1494 2405 gravitatis
1512 2365 1544 2395 in
1564 2371 1727 2405 aequatore,
1750 2365 1789 2394 de
1803 2363 1867 2405 qud

1035 2408 1138 2447 agitur
1151 2407 1184 2437 in
1199 2406 1317 2447 reliqu&
1331 2406 1388 2437 hic
1405 2407 1629 2446 Proposifione,
1641 2406 1696 2437 sed
1710 2417 1818 2446 parum
1828 2409 1868 2438 ab

1035 2449 1073 2480 efi
1087 2450 1198 2486 differt,
1215 2450 1257 2480 ita
1272 2455 1307 2479 ut
1320 2449 1439 2479 calculo
1453 2449 1587 2489 quodam
1596 2449 1680 2479 >inito
1694 2449 1867 2480 inveniatur

1035 2493 1119 2533 quod
1138 2493 1204 2522 hoec
1218 2493 1263 2522 vis
1277 2491 1433 2532 gravitatis
1445 2491 1478 2521 in
1498 2491 1662 2522 latitudine
1678 2491 1814 2522 Lutetiae
1828 2491 1868 2522 sit

1037 2535 1077 2565 ad
1091 2535 1153 2565 vim
1168 2535 1325 2575 gravitatis
1339 2534 1372 2563 in
1384 2540 1538 2574 aequatore
1550 2532 1663 2575 (Terra
1674 2533 1868 2564 uniformiter

1036 2577 1132 2608 densa
1154 2575 1335 2616 supposita),
1355 2583 1392 2607 ut
1414 2580 1493 2607 1532
1513 2575 1553 2606 ad
1573 2579 1652 2606 1551
1676 2574 1808 2616 ideoque
1829 2576 1868 2608 sit

1037 2620 1083 2650 vis
1104 2619 1259 2661 gravitatis
1278 2619 1311 2649 in
1333 2625 1487 2658 aequatore
1500 2618 1540 2648 ad
1561 2618 1624 2648 vim
1639 2618 1705 2658 ejus
1719 2618 1867 2650 centrifu-

1038 2673 1112 2703 gam
1132 2669 1169 2693 ut
1182 2665 1298 2692 287.67
1314 2661 1354 2691 ad
1374 2666 1398 2691 1.
1449 2662 1536 2697 Quas
1550 2660 1676 2700 quidem
1691 2661 1786 2691 varias
1800 2671 1867 2691 cor-

1037 2705 1198 2741 rectiones,
1221 2703 1434 2734 Newtouianis
1452 2703 1590 2733 numeris
1612 2702 1811 2742 adpficamus,
1831 2709 1868 2734 ut

1038 2747 1111 2777 inde
1126 2747 1250 2787 liqueat,
1267 2746 1350 2786 quod
1364 2746 1503 2786 quamvis
1517 2745 1653 2775 numeris
1665 2751 1700 2776 ut
1713 2745 1756 2776 ita
1766 2745 1868 2776 dicam

1036 2789 1241 2820 mediocribus
1254 2790 1294 2819 sit
1307 2799 1381 2818 usus
1395 2789 1566 2818 Newtonus
1580 2793 1611 2817 et
1624 2798 1705 2827 saepe
1718 2798 1756 2818 ex
1770 2789 1868 2828 hypo-

1037 2832 1116 2862 thesi
1140 2831 1245 2862 Terrae
1266 2830 1420 2870 sphaericae
1434 2830 1545 2866 ductis,
1566 2828 1676 2869 parum
1690 2831 1869 2861 mutationis

1038 2880 1144 2905 tamen
1165 2873 1348 2904 adfuturum
1369 2873 1417 2913 sit,
1441 2873 1497 2903 etsi
1519 2879 1714 2903 assumantur
1734 2873 1787 2903 alii
1808 2883 1868 2903 nu-

1037 2918 1116 2947 meri
1140 2917 1195 2958 qui
1220 2927 1258 2947 ex
1283 2915 1399 2946 veriore
1425 2916 1529 2946 Terrae
1555 2914 1656 2959 figura
1679 2915 1869 2947 deduceren-

1033 2965 1092 2990 tur.
1487 2971 1490 2973 ·
