2092 3470
299 241 400 268 xxw
933 235 1378 289 INTRODUCTIO
1789 255 1919 309 [cir.
1943 259 2004 305 11³.

297 342 560 399 Maupertuis
574 345 876 391 nobilissimum
891 364 996 407 opus
1016 353 1068 395 de
1088 355 1223 413 figura
1243 360 1402 405 telluris
1421 378 1498 420 per
1516 366 1823 415 observationes
1849 375 1904 417 ad
1922 378 2000 420 cir-

294 413 433 455 culum
452 414 635 470 polarem
656 417 841 462 definita.

347 490 416 530 27.
450 484 658 531 Refractio
678 490 823 534 sideris
843 492 1174 549 declinationem,
1197 504 1481 549 ascensionem
1501 517 1671 563 rectam,
1691 511 1999 573 longitudinem

288 569 338 596 ac
375 555 634 601 latitudinem
673 561 798 604 afficit
838 571 880 605 et
918 580 1038 608 arcus
1079 569 1224 611 circuli
1261 576 1432 619 maximi
1464 595 1549 636 quo
1585 582 1732 627 sideris
1759 586 1994 643 declinatio,

285 629 470 670 ascensio
499 638 624 681 recta,
652 632 870 691 longitudo
897 643 939 677 et
967 637 1145 681 latitudo
1171 643 1373 689 minuitur
1399 650 1465 692 vel
1490 661 1667 710 augetur
1684 671 1763 712 per
1782 659 1988 706 refractio-

282 711 392 749 nem,
414 700 575 742 'dicitur
602 702 794 745 refractio
821 705 1104 751 declinationis
1124 712 1190 754 vel

280 772 531 814 ascensionis
551 781 688 826 rectae,
719 777 819 827 διας
849 786 891 820 at
911 794 963 820 ex
984 780 1079 823 dats
1100 782 1193 825 alti-

278 843 433 885 tudinis
473 844 717 888 refractione
764 847 857 890 aliae
897 850 1191 897 refractionum

277 915 433 970 species
448 916 623 959 inveniri
637 928 826 974 possunt.
868 921 979 964 Nam
995 925 1038 966 in
1053 925 1189 984 figura

274 987 478 1042 superiori
513 989 664 1032 dantur
696 992 740 1033 in
773 994 984 1052 triangulo
1020 1012 1039 1038 s
1078 998 1113 1039 Z
1150 999 1188 1040 P

271 1056 405 1100 latera
426 1059 462 1101 Z
482 1075 501 1101 s
521 1068 563 1102 et
585 1061 619 1103 Z
643 1062 680 1104 P
700 1078 795 1106 cum
815 1066 970 1122 angulo
990 1082 1009 1109 s
1033 1068 1067 1109 Z
1090 1069 1127 1110 P
1148 1077 1188 1112 et

269 1130 368 1173 inde
398 1133 603 1187 reperitur
633 1135 740 1177 latus
775 1152 795 1178 s
831 1138 869 1180 P
900 1154 995 1181 cum
1029 1143 1185 1199 angulo

268 1217 288 1244 s
320 1202 358 1244 P
387 1203 422 1245 Z
452 1205 568 1261 cujus
597 1219 792 1249 mensura
822 1217 884 1250 est
912 1225 1033 1253 arcus
1053 1212 1113 1254 AE
1138 1214 1181 1266 d,

263 1273 376 1317 unde
409 1275 505 1318 cum
537 1276 659 1319 detur
691 1293 812 1320 arcus
840 1279 900 1322 AE
927 1282 986 1333 D,
1015 1283 1183 1326 dabitur

262 1361 383 1389 arcus
412 1347 442 1389 d
463 1349 511 1390 D
538 1349 729 1392 refractio
763 1352 1014 1394 ascensionis
1052 1362 1179 1397 rectae

260 1417 405 1461 sideris
438 1420 492 1470 S3
522 1428 564 1462 et
592 1421 690 1477 quia
714 1421 867 1465 dantur
893 1439 1012 1467 arcus
1039 1426 1069 1468 d
1088 1442 1107 1469 s
1127 1434 1170 1469 et
1974 1492 1976 1494 ι

258 1490 304 1532 D
327 1491 371 1540 S,
393 1489 560 1532 dabitur
579 1491 703 1533 etiam
729 1491 881 1535 horum
909 1509 1082 1537 arcuum
1110 1495 1357 1544 differentia,
1380 1507 1473 1548 quae
1494 1501 1555 1532 est
1575 1491 1767 1536 lefractio
1788 1494 1970 1538 declina-

256 1562 391 1604 tionis.
453 1563 538 1605 Sed
563 1563 671 1605 datis
703 1564 979 1609 declinatione
1009 1575 1051 1610 et
1082 1568 1324 1610 ascensione
1355 1563 1495 1606 recta:
1529 1565 1675 1619 puncti
1709 1567 1890 1622 cujusvis
1922 1567 1967 1609 in

254 1632 419 1689 sphaerz'i
448 1634 671 1685 mundana,
702 1635 854 1677 dantur
882 1636 1011 1692 ipsius
1039 1638 1216 1680 latitudo
1244 1645 1285 1680 et
1316 1633 1534 1693 longitudo
1558 1635 1648 1690 (18)
1660 1650 1673 1684 3
1702 1643 1816 1691 patet
1835 1638 1962 1695 igitur

252 1704 462 1761 quomodo
480 1704 708 1747 latitudinis
729 1714 770 1748 et
789 1706 1059 1764 longitudinis
1079 1709 1347 1751 refractiones
1365 1705 1526 1762 possint
1544 1705 1731 1749 inveniri.

307 1781 377 1818 28.
407 1776 586 1818 Jam‘de
614 1778 907 1821 Parallaxibus
933 1794 1067 1834 pauca
1095 1781 1216 1822 nobis
1253 1778 1474 1822 delibanda
1506 1785 1614 1820 sunt.
1677 1778 1852 1831 Caetera,
1887 1780 1961 1822 ubi

248 1864 354 1905 opus
382 1849 519 1901 fuerit,
552 1851 635 1892 suis
663 1851 765 1893 locis
795 1867 1067 1908 exponemus.
1129 1854 1275 1911 Itaque
1304 1850 1497 1894 distantia
1522 1850 1710 1892 locorum
1730 1851 1774 1892 in
1794 1851 1958 1907 sphaerz‘i

247 1920 403 1963 coelesti
430 1921 485 1962 ad
513 1936 608 1979 quae
637 1922 750 1964 sidus
770 1923 836 1965 vel
854 1923 1163 1978 phaenomenon
1184 1923 1358 1981 quodvis
1379 1938 1402 1964 e
1424 1921 1641 1978 superficie
1660 1921 1819 1964 telluris
1839 1931 1882 1965 et
1901 1938 1958 1966 ex

244 1994 332 2049 ejus
362 2002 505 2036 centro
534 2003 764 2051 spectatum
793 1996 982 2049 refertur,
1014 1996 1100 2039 sive
1129 2012 1248 2039 arcus
1279 1995 1422 2039 circuli
1449 1994 1621 2036 maximi
1642 1994 1751 2036 inter
1779 1994 1850 2036 illa
1869 1995 1956 2038 duo

242 2064 335 2106 loca
354 2065 617 2121 interceptus,
647 2067 775 2124 ipsius
797 2068 942 2110 sideris
963 2076 1034 2110 aut
1052 2068 1321 2124 phaenomeni
1340 2066 1564 2123 parallaxis
1583 2065 1828 2121 appellatur,
1859 2081 1954 2124 quae

240 2137 417 2192 proinde
446 2138 561 2180 nulla
589 2147 652 2182 est
677 2140 758 2182 nisi
778 2147 901 2182 terrae
922 2141 1226 2182 semidiameter
1250 2138 1485 2182 sensibilem
1504 2137 1655 2179 habeat
1673 2138 1876 2180 rationem
1895 2139 1951 2181 ad

241 2202 476 2250 distantiam
506 2210 650 2252 sideris
680 2226 706 2252 a
733 2210 856 2254 terra.
920 2212 984 2254 Sit
1005 2212 1046 2254 T
1066 2220 1255 2254 centrum
1275 2211 1432 2254 telluris
1453 2224 1501 2252 ac
1524 2209 1645 2258 coeli3·
1672 2209 1713 2250 A
1734 2209 1878 2252 oculus
1903 2210 1948 2253 in

238 2282 454 2337 superficie
483 2291 627 2334 terrae3
657 2285 691 2326 Z
720 2284 858 2327 zenith
886 2284 968 2326 loci
998 2285 1065 2335 A;
1098 2285 1141 2335 Q
1171 2284 1282 2326 sidus
1312 2283 1378 2325 vel
1406 2282 1713 2337 phaenomenon
1747 2281 1920 2337 quodvis
1932 2297 1945 2333 3

241 2353 278 2396 C
309 2353 353 2404 Q
379 2355 416 2397 P
448 2356 652 2398 verticalis
682 2371 757 2413 per
788 2357 831 2407 Q
860 2357 1063 2399 transiens
1076 2373 1087 2407 ;
1125 2357 1159 2399 Z
1191 2357 1221 2399 S
1253 2357 1299 2398 X
1330 2355 1379 2399 H
1412 2353 1615 2395 verticalis
1650 2354 1709 2412 inx
1725 2354 1945 2409 superficie

237 2425 413 2481 sphaerae
442 2428 643 2480 coelestis3
677 2430 719 2471 A
747 2430 784 2471 B
810 2430 849 2471 E
878 2429 1081 2471 verticalis
1113 2429 1158 2470 in
1188 2427 1409 2483 superficie
1438 2434 1561 2469 terrae
1574 2441 1586 2476 ς
1617 2425 1659 2467 Τ
1690 2426 1740 2468 Η
1768 2426 1942 2470 horizon

236 2498 450 2540 rationalis*
475 2508 515 2541 et
535 2501 576 2542 A
595 2501 625 2542 h
656 2500 828 2542 horizon
857 2499 1073 2542 sensibilis.
1139 2499 1223 2541 His
1252 2496 1311 2540 ita
1340 2496 1584 2548 constitutis,
1606 2496 1722 2538 locus
1740 2496 1938 2555 physicus

234 2569 379 2612 sideris
396 2571 452 2622 Q,
474 2579 537 2614 est
554 2579 755 2627 pmictum
775 2572 879 2613 illud
897 2572 941 2612 in
962 2587 1045 2628 quo
1066 2570 1211 2613 sideris
1227 2578 1414 2612 centrum
1428 2569 1571 2611 haeret.
1621 2568 1763 2610 Locus
1777 2569 1938 2625 opticus

232 2655 434 2696 apparens
465 2659 538 2687 seu
566 2645 678 2686 visus
710 2652 772 2686 est
799 2652 1000 2700 punctum
1021 2645 1061 2685 V
1082 2645 1125 2685 in
1146 2643 1364 2699 superficie
1385 2642 1560 2698 sphaerae
1581 2641 1769 2694 coelestis,
1791 2643 1833 2684 in
1854 2657 1938 2700 quo

229 2721 343 2754 recta
362 2728 415 2756 ex
434 2716 555 2758 oculo
575 2716 617 2758 A
636 2730 712 2771 per
732 2724 921 2758 centrum
941 2715 1085 2757 sideris
1103 2715 1147 2765 Q
1166 2714 1291 2756 ducta
1309 2714 1564 2756 terminatur.
1615 2713 1755 2755 Locus
1770 2713 1931 2769 opticus

230 2799 351 2827 verus
384 2793 446 2828 est
477 2797 678 2842 punctum
711 2788 741 2831 S
774 2788 817 2829 in
853 2787 1069 2843 superficie
1100 2786 1276 2843 sphaerae
1308 2786 1483 2828 coelestis
1513 2786 1556 2827 in
1585 2800 1668 2842 quo
1693 2786 1936 2829 terminatur

233 2865 347 2898 recta
365 2856 475 2898 linea
495 2858 536 2899 T
557 2859 600 2909 Q
624 2859 653 2901 S
673 2874 725 2901 ex
745 2867 867 2900 terrae
887 2866 1030 2900 centro
1051 2858 1092 2900 T
1110 2873 1187 2913 per
1208 2857 1252 2907 Q
1272 2857 1408 2899 ducta.
1467 2859 1708 2899 Parallaoeis
1735 2864 1797 2899 est
1815 2871 1936 2900 arcus

238 2927 268 2969 S
291 2927 331 2968 V
362 2927 446 2968 sive
477 2928 707 2971 differentia
735 2929 912 2971 duorum
933 2929 1118 2971 locorum
1141 2929 1384 2984 opticorum.
1444 2928 1625 2984 Angulus
1643 2929 1935 2982 parallacticus

235 3012 302 3054 qui
332 2998 577 3054 plerumque
608 3001 730 3041 ctiam
758 3002 999 3043 Par-allaxis
1029 3006 1207 3049 vocatur,
1245 3006 1306 3040 est
1335 2998 1511 3055 angulus
1541 2999 1582 3041 A
1604 2998 1646 3048 Q
1668 2998 1710 3040 T
1737 3013 1860 3054 quem
1887 2999 1932 3041 in
