2092 3470
159 185 266 228 cir.
287 185 347 237 1.]
653 183 741 226 AD
761 182 1069 228 ‘TERTIUM
1101 184 1365 229 LIBRUM.
1814 189 1861 230 xi

136 300 321 342 -Cancer
347 308 406 350 ⁹5,
438 283 530 341 Leo
556 301 614 349 ὀὶ,
635 298 770 356 Virgo
792 304 867 342 ¹¹2.-
926 300 1012 342 Sex
1040 300 1166 341 etiam
1192 301 1388 342 australia
1420 302 1611 346 videlicet
1638 302 1771 346 Libra‘
1799 313 1860 355 ια’,

156 373 353 428 Scorpius
401 379 460 423 m,
514 371 760 429 Sagittarius
797 372 868 425 4,
911 372 1193 428 Capricornus
1244 378 1285 416 ἀ
1335 372 1402 414 vel
1448 377 1508 424 l‘j',
1552 375 1762 432 Aquarius
1799 383 1862 426 ,τ’-τ,

156 446 298 488 Pisces
330 453 384 487 Χ.
444 445 580 495 Aries,
614 445 781 487 Taurus
810 460 859 487 ac
880 445 1064 497 Gemini,
1095 446 1316 502 quaeinter
1342 454 1547 501 punctum
1574 449 1862 504 aequinoctiale

153 531 328 559 vernum
340 524 383 558 et
399 523 602 572 punctum
624 515 834 558 solstitiale
854 517 1044 558 aestivum
1064 517 1328 560 continentur
1347 517 1554 569 dicuntur,
1577 519 1696 575 signa
1713 535 1861 562 verna-

153 588 211 630 lia
223 603 236 638 3
268 587 443 637 Cancer,
473 587 577 637 Leo,
611 586 744 644 Virgo
770 602 796 629 a
821 587 1026 629 solstitiali
1057 588 1206 630 aestivo
1235 589 1290 630 ad
1314 589 1601 645 aequmoctiale
1619 591 1866 634 autumnale

153 667 371 704 numerata
396 659 630 715 apellantur
655 659 798 702 aestiva
810 675 823 710 ;
860 660 1003 710 Libra,
1038 660 1235 716 Scorpius
1255 668 1298 702 et
1320 660 1566 718 Sagittarius
1586 663 1840 704 autumnalia
1852 679 1864 713 ;

155 733 448 788 Capricornus,
482 731 693 787 Aquarius
722 739 764 773 et
793 730 947 782 Pisces,
969 731 1169 787 hyberna.
1231 733 1361 790 Signa
1380 733 1645 774 ascendentia
1664 749 1690 775 a
1706 743 1863 788 puncto

154 804 358 848 solstitiali
386 803 576 860 hyberno
604 803 659 844 ad
687 803 889 854 aestivum,
924 803 1217 846 descendentia
1241 804 1342 847 vero
1362 820 1388 847 a
1406 803 1611 847 solstitiali
1640 806 1783 847 aestivo
1811 806 1865 848 ad

152 876 387 933 hybernum
408 882 712 931 computantur.

210 954 251 992 5.
284 950 472 991 zodiacus
499 956 563 991 est
581 949 757 1005 sphaerae
779 949 956 992 coelestis
985 951 1123 1006 portio
1143 966 1217 993 seu
1237 966 1342 993 zona
1362 951 1526 994 duobus
1547 952 1712 994 circulis
1738 952 1866 1007 eclip-

152 1022 247 1064 ticae
264 1021 472 1077 parallelis
501 1029 544 1063 et
571 1021 770 1079 gradibus
791 1029 816 1064 8
838 1022 904 1064 vel
925 1029 951 1065 9
975 1023 1075 1066 hinc
1101 1022 1200 1065 inde
1227 1024 1280 1065 ab
1304 1023 1496 1080 ecliptica
1517 1024 1762 1066 distantibus
1782 1032 1867 1065 ter-

152 1094 320 1144 minata,
352 1093 428 1135 sub
448 1091 528 1149 qua
549 1093 727 1148 planetae
748 1109 893 1136 omnes
911 1102 1050 1136 motus
1071 1110 1167 1137 suos
1187 1095 1420 1138 absolvunt.
1482 1096 1602 1138 Dum
1621 1096 1792 1152 planeta
1811 1097 1864 1138 ab

154 1181 304 1208 occasu
323 1165 368 1207 in
388 1173 526 1208 ortum
546 1181 620 1207 seu
640 1166 869 1208 secundum
889 1167 1079 1209 ordinem
1109 1168 1337 1224 signorum,
1369 1176 1441 1210 aut
1460 1169 1574 1225 quod
1594 1169 1706 1210 idem
1727 1177 1861 1219 sonat,

152 1239 197 1280 in
218 1238 336 1295 signa
355 1237 649 1294 consequentia
666 1237 863 1279 nimirum
875 1238 928 1280 ab
944 1238 1088 1280 Ariete
1100 1239 1154 1280 ad
1167 1239 1370 1290 Taurum,
1384 1255 1410 1281 a
1422 1240 1567 1282 Tauro
1579 1241 1633 1282 ad
1647 1241 1864 1291 Geminos,

155 1312 246 1360 &c.,
277 1317 395 1350 motu
423 1309 595 1365 proprio
623 1309 767 1360 fertur,
802 1310 873 1351 ille
900 1310 1068 1365 planeta
1101 1319 1201 1353 tunc
1230 1312 1428 1367 temporis
1458 1312 1640 1354 directus
1670 1321 1866 1363 vocatur3

155 1382 251 1425 cum
279 1382 409 1437 ipsius
437 1389 575 1423 motus
604 1382 799 1437 proprius
828 1397 991 1424 cessare
1019 1383 1198 1435 videtur,
1230 1398 1305 1426 seu
1333 1383 1436 1424 dum
1461 1384 1627 1439 planeta
1654 1385 1698 1425 in
1719 1385 1868 1427 eodem

155 1453 249 1496 coeli
267 1460 425 1508 puncto
444 1453 600 1494 morari
628 1468 705 1508 per
723 1453 882 1509 aliquot
901 1453 990 1494 dies
1012 1453 1209 1504 cernitur,
1241 1454 1436 1496 eumdem
1457 1455 1580 1496 situm
1601 1455 1780 1496 fixarum
1801 1471 1868 1497 re-
1896 1506 1899 1509 .

155 1533 298 1581 spectu
329 1539 509 1575 servans,
542 1525 802 1566 stationarius
833 1525 984 1566 dicitur
996 1540 1008 1575 ;
1041 1525 1309 1582 retrogradus
1338 1525 1508 1567 tandem
1537 1527 1771 1581 appellatur
1794 1528 1868 1569 ubi

154 1595 299 1639 contra
318 1597 531 1655 signorum
551 1596 741 1639 ordinem
760 1612 834 1639 seu
853 1596 898 1638 in
917 1596 1216 1649 antecedentia,
1239 1605 1286 1639 ut
1305 1612 1331 1638 a
1351 1596 1496 1639 Tauro
1516 1597 1571 1638 ad
1593 1598 1792 1650 Arietem,
1815 1599 1868 1640 ab

156 1671 301 1713 Ariete
321 1669 375 1711 ad
398 1670 554 1720 Pisces,
577 1671 652 1712 &c.
673 1670 846 1725 proprio
866 1677 984 1712 motu
1003 1670 1170 1714 incedit.

211 1747 251 1783 6.
284 1740 408 1782 Luna
427 1747 469 1782 et
491 1739 566 1783 Sol
586 1746 684 1783 sunt
703 1755 867 1796 semper
886 1740 1060 1792 directi3
1090 1748 1133 1783 at
1152 1741 1293 1783 caeteri
1312 1741 1492 1796 planetae
1510 1749 1603 1783 tum.
1621 1742 1868 1799 superiores,

153 1813 357 1865 videlicet,
391 1815 607 1865 Saturnus,
639 1814 805 1870 Jupiter
825 1822 867 1856 et
888 1813 1020 1866 Mam,
1052 1822 1142 1858 tum
1162 1814 1394 1866 inferiores,
1424 1815 1635 1867 nimirum,
1664 1817 1808 1858 Venus
1829 1824 1870 1858 et

156 1883 408 1935 Mercurius,
459 1884 607 1926 directi
645 1883 798 1926 deinde
843 1884 1073 1927 stationarii
1121 1892 1166 1926 et
1204 1883 1352 1941 postea
1390 1885 1624 1942 retrogradi
1662 1886 1869 1929 videntur.

156 1955 318 1998 Eorum
345 1964 535 2011 tempora
561 1956 776 2012 periodica
805 1956 959 2014 quibus
978 1963 1114 1998 totum
1134 1955 1352 1999 zodiacum
1372 1956 1416 1997 in
1437 1957 1732 2013 consequentia
1750 1972 1872 2013 pera-

153 2035 290 2086 grant,
322 2036 418 2070 sunt
445 2030 678 2085 inaequalia.
739 2029 851 2075 Nam
882 2030 1086 2073 Saturnus
1110 2036 1164 2072 30
1185 2028 1350 2071 circiter
1369 2029 1487 2070 annis
1506 2029 1726 2083 periodum
1753 2045 1871 2072 suam

153 2100 328 2142 absolvit
339 2117 351 2151 3
381 2102 546 2157 Jupiter
566 2102 684 2144 annis
703 2101 869 2145 circiter
892 2106 958 2152 12,
991 2102 1112 2143 Mars
1132 2102 1252 2143 annis
1273 2101 1438 2143 duobus
1458 2101 1557 2152 fere,
1581 2102 1705 2143 Luna
1724 2102 1870 2145 diebus

155 2176 209 2216 27
240 2179 282 2213 et
308 2170 422 2213 horis
453 2177 478 2216 7
509 2172 684 2223 circiter,
715 2171 861 2213 Venus
889 2179 1027 2213 autem
1057 2180 1099 2213 et
1130 2172 1369 2214 Mercurius
1390 2185 1486 2212 cum
1510 2171 1608 2214 Sole
1627 2187 1739 2214 anno
1769 2188 1892 2225 uno„

155 2242 268 2284 Nam
285 2242 332 2283 hi
351 2242 436 2284 duo
454 2242 635 2299 planetae
659 2243 800 2290 Solem
819 2243 878 2285 ita
894 2251 1136 2291 constanter
1156 2244 1406 2285 comitantur
1425 2252 1472 2285 ut
1491 2244 1636 2286 Venus
1655 2259 1870 2301 nunquam

155 2315 265 2356 ultra
285 2319 340 2360 47
357 2315 522 2359 circiter
541 2313 710 2374 gradus,
724 2330 804 2357 nec
825 2315 1063 2358 Mercurius
1082 2313 1192 2357 ultra
1214 2320 1267 2357 28
1284 2331 1309 2357 a
1327 2315 1424 2357 Sole
1436 2315 1707 2373 digrediatur,
1728 2316 1773 2357 id
1793 2323 1869 2367 est,

155 2385 333 2443 angulus
353 2387 561 2429 maximus
582 2388 660 2430 sub
681 2402 765 2444 quo
785 2387 981 2429 distantia
1000 2388 1177 2430 Veneris
1203 2395 1275 2429 aut
1302 2387 1505 2430 Mercurii
1525 2404 1550 2430 a
1572 2389 1669 2431 Sole
1689 2404 1712 2430 e
1733 2387 1870 2430 Terra

156 2457 421 2512 conspicitur,
442 2457 599 2515 gradus
619 2462 675 2502 47
695 2458 765 2499 vel·
783 2464 836 2500 28
857 2473 1072 2515 nunquam
1092 2467 1273 2514 superat.

215 2531 255 2571 7.
299 2529 452 2570 Circuli
484 2529 777 2580 declinationis,
809 2545 882 2571 seu
910 2531 1050 2571 circzdi
1077 2532 1248 2582 horarii,
1283 2539 1380 2574 sunt
1413 2533 1558 2575 circuli
1589 2531 1760 2574 maximi
1791 2545 1870 2587 per

157 2597 304 2639 mundi
331 2598 451 2653 polos
481 2607 740 2641 transeuntes
770 2608 811 2642 et
839 2600 1016 2655 proinde
1046 2603 1247 2658 aequatori
1274 2603 1650 2659 perpendiculares.
1712 2602 1869 2645 Sideris

156 2669 224 2710 vel
251 2671 397 2725 puncti
426 2670 645 2727 cujuslibet
671 2671 716 2712 in
745 2671 910 2727 sphaera
936 2671 1147 2714 mundana
1168 2674 1383 2716 declinatio
1402 2683 1465 2716 est
1485 2689 1604 2716 arcus
1625 2673 1769 2716 circuli
1796 2674 1869 2716 de-

157 2739 391 2781 clinationis
425 2741 533 2783 inter
568 2742 684 2783 sidus
718 2742 786 2784 vel
819 2743 962 2784 datum
995 2753 1201 2799 punctum
1239 2754 1282 2787 et
1315 2754 1569 2802 aequatorem
1601 2745 1867 2801 interceptus.

158 2810 347 2853 Ascensio
379 2819 489 2854 recta
523 2812 668 2855 sideris
703 2822 766 2855 est
796 2829 916 2856 arcus
946 2816 1168 2871 aequatoris
1197 2816 1305 2857 inter
1338 2824 1539 2871 punctum
1578 2817 1866 2872 aequinoctiale

151 2896 326 2924 vernum
355 2890 398 2925 et
426 2883 627 2926 circulum
658 2884 944 2927 declinationis
979 2885 1124 2928 sideris
1145 2887 1254 2930 illius
1287 2886 1618 2943 comprehensus
1640 2905 1689 2931 ac
1719 2905 1865 2933 secun-

153 2953 255 2997 dum
274 2955 464 2998 ordinem
484 2957 697 3014 signorum
716 2966 970 3001 numeratus.
1033 2961 1188 3012 Circulz‘
1206 2963 1436 3003 latitudinis
1463 2955 1647 3004 siderum
1668 2971 1765 3006 sunt
1784 2965 1863 3006 cir-
