2092 3470
424 212 433 216 “
456 197 822 246 FLUXUS3AC
855 196 1191 240 REFLUXUS
1221 195 1433 238 MARIS.
1712 197 1792 236 271

95 336 192 379 liter
210 335 478 391 deprimetur,
508 343 551 377 et
569 334 736 391 quidem
755 351 832 392 per
854 334 1116 394 intervallum
1136 334 1180 375 D
1201 333 1299 374 d:
1327 331 1366 374 E
1385 346 1410 373 e
1436 347 1478 370 =
1506 306 1594 370 -S.
1609 346 1629 380 ,·
1645 345 1700 373 ex
1719 344 1803 413 quo

1506 379 1532 414 2
1545 372 1599 414 a3

94 453 175 494 ista
193 451 405 507 depressio
424 451 557 507 duplo
578 451 715 494 minor
734 459 809 502 est,
831 466 958 508 quam
978 450 1152 492 elevatio
1171 464 1266 505 quae
1284 449 1328 490 in
1349 450 1391 491 A
1411 458 1454 491 et
1474 450 1512 491 B
1533 448 1693 495 accidit.
1751 445 1805 488 In

98 526 263 583 punctis
281 533 486 582 praeterea
508 526 556 576 F,
576 525 632 576 G,
652 526 702 569 H
722 534 764 567 et
784 526 819 576 Ι,
842 540 935 582 quae
955 540 980 566 a
998 523 1277 566 cardinalibus
1298 523 1338 563 A
1361 531 1403 563 et
1422 523 1461 564 B
1481 523 1634 570 distant
1652 519 1807 577 angulo

95 596 181 639 54⁰.
203 597 272 639 45¹
292 597 447 652 quippe
466 611 545 651 pro
564 611 647 652 quo
667 605 730 638 est
750 603 774 639 3
791 612 820 638 u
839 612 868 637 u
882 621 938 628 —
957 602 976 637 1
1007 612 1049 634 =
1066 602 1118 645 Ὀ,
1146 609 1282 650 neque
1301 594 1528 635 elevabitur
1542 609 1654 649 ‚aqua
1672 604 1808 648 neque

98 667 366 722 deprimetur,
396 667 472 708 sed
500 667 730 709 naturalem
758 668 915 710 tenebit
943 666 1214 708 altitudinem.
1290 665 1343 706 In
1370 665 1464 706 loco
1493 673 1631 705 autem
1661 664 1808 711 Terrae

99 754 361 795 quocumque
394 739 446 780 M
475 748 746 796 cognoscetur
773 753 894 795 aquae
925 739 991 780 vel
1023 737 1196 779 elevatio
1225 736 1291 778 vel
1323 736 1534 791 depressio
1569 750 1623 777 ex
1656 736 1809 791 angulo

99 810 142 852 A
159 811 196 852 C
216 809 282 860 M,
314 810 429 865 cujus
460 810 624 851 cosinus
653 825 682 850 u
711 818 773 851 est
802 810 916 850 sinus
935 807 1164 849 altitudinis
1185 807 1261 848 sub
1282 805 1363 863 qua
1393 806 1466 848 Sol
1485 806 1551 847 vel
1572 806 1695 847 Luna
1714 806 1756 846 in
1781 806 1810 847 S

100 882 282 923 existens
303 895 428 935 super
445 879 664 922 horizonte
684 880 936 935 conspicitur
955 879 1008 922 ab
1029 879 1292 920 observatore
1316 877 1360 918 in
1382 877 1435 920 M
1455 877 1677 919 constituto
1688 892 1700 926 3
1730 876 1811 917 hoc

101 953 212 994 enim
239 953 282 993 in
311 953 406 993 loco
434 968 542 1008 aqua
566 953 722 994 elevata
742 952 821 993 erit
841 965 966 1006 supra
983 950 1213 993 naturalem
1232 949 1492 996 altitudinem
1520 947 1736 989 intervallo
1763 963 1805 986 =

103 1022 411 1078 S(3uu-1)
439 1054 482 1097 4
507 1022 885 1078 Su(5uu—3)

211 1094 237 1128 2
251 1087 659 1131 21⁸2
681 1089 736 1131 a‘*
1243 1135 1246 1137 .

102 1159 411 1218 depressionem
431 1162 599 1204 indicat.
661 1162 751 1204 Hic
770 1171 910 1205 autem
929 1171 1131 1205 annotare
1150 1178 1235 1204 non
1255 1171 1318 1204 est
1337 1177 1456 1217 opus,
1487 1160 1601 1217 quod
1621 1160 1655 1201 si
1682 1174 1814 1215 punc-

102 1238 193 1272 tum
216 1233 246 1274 S
267 1233 344 1274 sub
364 1233 581 1275 horizonte
600 1233 739 1284 lateat,
762 1242 853 1275 tum
873 1234 987 1276 sinus
1006 1233 1284 1288 depressionis
1303 1239 1468 1274 maneat
1486 1231 1653 1287 quidem
1672 1245 1715 1281 u,
1742 1228 1814 1270 sed

101 1301 297 1358 negative
318 1303 451 1358 accipi
472 1303 632 1345 debeat.

875 1080 886 1090 .
933 1063 1028 1104 quae
1057 1046 1270 1104 expressio
1304 1047 1340 1088 si
1371 1046 1420 1088 fit
1450 1046 1654 1103 negativa,
1686 1044 1812 1085 maris

160 1377 191 1426 §.
215 1379 281 1414 38.
312 1373 576 1417 Definiamus
605 1375 733 1432 igitur
761 1375 943 1430 primum
969 1374 1065 1418 cum
1091 1375 1362 1418 elevationem
1380 1373 1471 1416 tum
1490 1373 1813 1429 depressionem,

106 1459 202 1500 quae
231 1459 256 1485 a
276 1443 373 1486 ,sola
403 1446 444 1486 vi
475 1445 583 1487 Solis
612 1446 766 1501 ubique
787 1447 1016 1489 Terrarum
1044 1447 1220 1502 produci
1249 1446 1430 1495 deberet,
1463 1445 1498 1485 si
1523 1444 1582 1485 uti
1608 1443 1813 1498 ponimus,

111 1515 252 1556 omnia
280 1515 328 1556 in'
355 1523 465 1557 statu
495 1517 713 1572 aequilibrii
743 1526 878 1559 essent
906 1519 1140 1560 constituta.
1201 1502 1413 1567 Quoniam
1441 1517 1579 1571 itaque
1608 1524 1671 1557 est
1702 1516 1732 1557 S
1768 1531 1810 1553 =

106 1592 276 1631 227512
291 1595 415 1643 atque
429 1603 454 1629 a
473 1605 514 1627 =
530 1594 671 1631 20620
684 1589 1007 1631 semi-diameter
1021 1591 1180 1641 Terrae,
1196 1590 1230 1631 si
1242 1604 1325 1631 una
1339 1589 1486 1630 Terrae
1499 1587 1819 1628 semi—diameter

105 1693 340 1729 assumatur
362 1691 588 1729 19695539
608 1687 766 1742 pedum
789 1687 920 1730 Paris.
941 1689 1019 1730 erit
1041 1664 1094 1754 §3
1123 1705 1165 1727 =
1192 1693 1350 1740 0,5o72
1369 1687 1466 1743 ped.
1489 1701 1562 1729 seu
1587 1685 1817 1742 pauxillum

1033 1745 1058 1771 a

936 1806 967 1847 S

107 1830 281 1871 excedet
301 1829 595 1884 semi-pedem:
626 1830 743 1872 valor
762 1837 901 1872 autem
921 1863 981 1897 —4
1002 1830 1172 1872 omnino
1192 1831 1270 1873 erit
1284 1831 1490 1887 quantitas
1510 1841 1758 1871 evanescens
1778 1834 1819 1868 et

921 1888 947 1914 a

104 1943 458 1998 imperceptibilis.
527 1944 655 1985 Hanc
683 1944 739 1984 ob
767 1959 856 1985 rem
885 1945 930 1984 in
958 1945 1198 2001 regionibus
1224 1945 1301 1986 sub
1333 1945 1431 1986 Sole
1450 1943 1699 1986 verticaliter
1719 1943 1819 1993 sitis,

111 2030 207 2071 quae
235 2015 415 2057 habeant
447 2016 587 2058 Solem
607 2016 672 2058 vel
700 2015 744 2056 in
764 2016 902 2057 zenith
922 2017 987 2058 vel
1006 2017 1140 2067 nadir,
1172 2003 1279 2073 aqua
1297 2018 1407 2058 ultra
1426 2016 1684 2058 altitudinem
1703 2024 1822 2057 natu-

112 2086 240 2127 ralem
264 2086 459 2128 attoletur
479 2084 532 2127 ad
553 2087 823 2141 semi-pedem
844 2101 939 2128 cum
959 2087 1121 2142 pollicis
1141 2096 1259 2142 parte
1274 2087 1432 2130 decima
1450 2087 1612 2128 circiter
1622 2103 1634 2137 3
1656 2087 1822 2141 ‹lepres-

116 2157 179 2197 sio
198 2166 336 2199 autem
360 2157 542 2198 maxima
562 2156 681 2198 cadet
700 2156 743 2197 in
762 2157 867 2207 loca,
890 2172 984 2212 quae
1007 2158 1146 2199 Solem
1165 2159 1209 2199 in
1228 2158 1443 2200 horizonte
1463 2159 1728 2213 conspicient,
1752 2158 1821 2199 ubi

108 2242 217 2283 aqua
245 2228 300 2269 ad
330 2228 601 2284 quadrantem
630 2227 748 2282 pedis
779 2235 939 2268 tantum
959 2227 1227 2282 deprimetur,
1259 2243 1312 2270 ex
1331 2244 1414 2285 quo
1435 2236 1567 2269 totum
1587 2228 1820 2279 discrimen,

111 2301 226 2357 quod
259 2317 284 2343 a
322 2302 418 2344 Sole
446 2302 490 2342 in
519 2301 735 2342 altitudine
765 2316 884 2357 aquae
913 2301 1092 2343 naturali
1123 2303 1266 2352 oritur,
1303 2302 1357 2343 ad
1391 2310 1475 2344 tres
1507 2310 1673 2358 quartas
1705 2302 1823 2356 pedis

108 2379 248 2426 partes
269 2372 432 2413 circiter
451 2378 648 2427 assurget.
710 2371 794 2412 Iste
818 2372 925 2413 Solis
945 2363 1114 2414 effectus
1135 2380 1273 2413 autem
1293 2372 1498 2414 distantiae
1513 2379 1673 2413 tantum
1693 2371 1823 2413 medi-

110 2442 198 2483 ocri
221 2443 327 2484 Solis
357 2459 383 2483 a
415 2442 549 2484 Terra
570 2450 631 2484 est
653 2442 897 2483 tribuendus
914 2458 923 2482 z
955 2442 1069 2498 quod
1090 2443 1124 2483 si
1145 2443 1256 2484 enim
1280 2442 1353 2484 Sol
1372 2450 1558 2484 versetur
1577 2442 1643 2483 vel
1662 2442 1705 2482 in
1725 2457 1824 2497 apo-

113 2526 219 2568 gaeo,
242 2513 308 2554 vel
335 2513 532 2570 perigaeo,
565 2515 653 2569 ejus
673 2513 843 2554 effectus
863 2512 928 2554 vel
949 2512 1126 2554 diminui
1149 2514 1213 2555 vel
1241 2514 1383 2571 augeri
1412 2513 1578 2555 debebit
1602 2514 1645 2554 in
1665 2514 1824 2558 ratione

113 2607 327 2662 reciproca
353 2608 558 2663 triplicata
579 2609 867 2650 distantiarum
897 2609 1004 2651 Solis
1025 2625 1050 2651 a
1071 2609 1218 2660 Terra,
1248 2611 1344 2667 quia
1372 2610 1526 2665 pendet
1545 2625 1570 2651 a
1587 2610 1726 2652 valore
1751 2586 1822 2695 ag&

117 2720 227 2763 Cum
246 2721 374 2778 igitur
393 2721 539 2763 orbitae
560 2723 707 2764 Terrae
728 2722 1014 2764 excentricitas
1035 2724 1156 2764 sit:
1184 2723 1329 2778 &gg-35,
1362 2724 1440 2765 erit
1460 2723 1720 2765 intervallum
1742 2723 1783 2765 A
1799 2739 1823 2765 a

114 2793 181 2835 vel
211 2794 249 2835 B
269 2793 311 2843 b,
344 2792 445 2833 dum
468 2793 540 2835 Sol
568 2789 611 2834 in
629 2795 814 2851 perigaeo
834 2802 1034 2845 versatur,
1063 2812 1105 2833 =
1135 2800 1291 2845 0‚5332
1311 2795 1406 2850 ped.
1428 2795 1491 2835 sin
1511 2802 1648 2836 autem
1680 2795 1754 2836 Sol
1778 2795 1823 2835 in

115 2879 290 2922 apogaeo
306 2865 358 2906 sit
369 2865 685 2916 constitutus,-
639 2883 686 2891 -
702 2872 858 2917 Ο,4·825
879 2867 1061 2922 pedum3
1085 2881 1262 2923 quorum
1277 2867 1507 2909 differentia
1518 2867 1575 2909 -ad
1587 2867 1823 2909 vicesimam

115 2935 234 2990 pedis
265 2944 427 2991 partem
460 2937 666 2979 ascendit:
706 2939 822 2980 valor
856 2948 995 2981 autem
1025 2940 1186 2982 medius
1219 2948 1281 2982 est
1317 2957 1358 2978 =
1394 2944 1564 2992 0,5072,
1595 2955 1717 2997 quem
1744 2955 1822 2995 pro

113 3006 310 3049 mediocri
328 3006 520 3050 distantia
543 3008 650 3050 Solis
668 3025 693 3050 a
713 3010 876 3053 Terra
864 3012 1107 3057 invenimus.

940 3083 973 3113 U
988 3087 1008 3113 2
