2092 3470
546 232 800 275 FLUXUS
830 232 912 275 Ac
943 231 1282 275 REFLUXUS
1312 233 1528 278 MAius.
1810 207 1888 278 32¹1

183 346 321 388 Lunae
347 359 424 400 per
450 344 728 386 meridianum
749 345 989 402 contingere
1007 343 1187 394 debebit,
1219 344 1263 384 id
1289 345 1402 400 quod
1422 361 1519 388 cum
1537 347 1894 391 observationibus

182 418 228 459 in
256 431 414 459 oceano
440 416 574 458 libero
602 416 800 458 institutis
820 415 985 473 egregie
1005 414 1217 464 convenit;
1247 414 1436 473 hancque
1455 417 1612 461 idcirco
1639 417 1892 475 praecipuam

179 489 303 546 hujus
323 487 610 529 retardationis
629 502 796 529 causam
815 486 964 534 merito
982 487 1250 544 assignamus.

237 564 270 615 §.
295 564 390 602 102.
422 559 614 600 Tertium
633 558 942 614 phaenomenon
961 558 1197 614 suppeditat
1215 555 1340 599 aestfis
1359 560 1616 616 magnitudo,
1639 576 1734 618 quae
1754 570 1894 604 autem

178 641 265 676 tam
303 633 475 675 diversis
510 632 612 674 locis
651 638 773 689 quam
814 633 984 674 diversis
1016 631 1328 687 tempestatibus
1360 634 1541 676 maxime
1576 644 1639 677 est
1670 636 1893 679 mutabilis·

179 706 356 748 Interim
375 713 515 748 tamen
534 706 718 760 exceptis
738 704 975 746 enormibus
994 704 1074 746 illis
1094 703 1290 755 aestubus,
1307 704 1379 760 qui
1398 706 1606 748 nonnullis
1627 707 1670 748 in
1690 709 1894 763 portubus

179 778 392 820 observari
421 777 567 828 solent,
599 776 747 832 reliqui
768 790 865 818 cum
883 781 1025 819 nostra
1055 774 1214 816 theoria
1244 774 1410 833 egregie
1431 778 1716 838 consentiunt3
1746 779 1894 822 inertia

177 853 289 895 enim
309 851 483 902 sublata,
505 851 738 893 invenimus
758 851 835 893 sub
855 858 1066 907 aequatore
1084 850 1314 891 maximum
1333 858 1481 892 aestum
1502 850 1591 893 fore
1620 866 1696 907 per
1716 854 1896 908 spatium

177 928 343 970 circiter
369 933 396 968 4
425 926 595 982 pedum,
628 925 680 968 ab
710 925 859 967 inertia
877 933 1016 966 autem
1043 923 1125 965 hoc
1153 924 1416 968 intervallum
1435 926 1580 982 augeri
1607 925 1666 967 ita
1684 934 1731 967 ut
1749 927 1893 982 duplo,

176 1001 243 1043 vel
262 1000 400 1056 triplo,
417 1001 484 1042 vel
504 1000 627 1041 etiam
641 997 874 1055 quadruplo
894 1006 936 1039 et
954 997 1048 1052 plus
1062 997 1136 1039 fiat
1154 997 1301 1052 majus,
1322 1006 1449 1052 prout
1465 998 1582 1040 valor
1600 998 1729 1054 ipsius
1748 1014 1778 1056 g
1794 1000 1894 1054 (vid.

179 1077 210 1128 ᾗ.
234 1074 321 1127 82.)
341 1074 478 1115 minor
502 1073 626 1114 fuerit
653 1071 720 1113 vel
746 1071 892 1126 major,
915 1070 1068 1126 quippe
1087 1071 1159 1126 qui
1188 1085 1213 1110 a
1232 1070 1426 1113 facultate
1443 1071 1589 1112 oceani
1617 1086 1706 1113 sese
1725 1072 1895 1128 propria

175 1146 250 1187 sua
270 1146 312 1186 vi
339 1145 384 1187 in
403 1152 556 1186 statum
575 1142 796 1199 aequilibrii
814 1140 1061 1183 restituendi
1087 1141 1264 1195 pendet3
1295 1156 1349 1183 ex
1369 1157 1453 1198 quo
1473 1142 1551 1184 sub
1570 1151 1782 1198 aequatore
1801 1158 1893 1199 spa-

174 1217 280 1259 tium
307 1231 385 1272 per
415 1214 529 1272 quod
556 1214 763 1255 maximus
792 1220 918 1254 aestus
946 1212 1126 1269 agitatur
1145 1212 1199 1253 ad
1220 1219 1260 1263 8,
1287 1218 1353 1262 12,
1381 1218 1431 1255 16
1454 1222 1496 1254 et
1513 1213 1655 1268 plures
1674 1214 1802 1269 pedes
1821 1230 1896 1257 ex-

174 1305 345 1347 surgere
377 1298 527 1345 potest.
602 1288 655 1330 In
689 1286 927 1343 regionibus
959 1293 1098 1327 autem
1129 1285 1183 1327 ab
1215 1294 1426 1341 aequatore
1460 1287 1630 1327 remotis
1662 1287 1895 1331 invenimus

172 1359 504 1418 magnitudinem
534 1357 659 1400 aestfis
690 1366 831 1399 tenere
864 1356 1068 1398 rationem
1106 1356 1357 1412 duplicatam
1398 1356 1615 1398 cosinuum
1654 1357 1894 1401 elevationis

171 1430 273 1489 poli,
304 1431 417 1473 unde
447 1431 524 1472 sub
554 1431 781 1472 elevatione
809 1429 898 1485 poli
926 1427 1028 1480 45⁰„
1059 1429 1304 1486 magnitudo
1324 1429 1452 1471 aestfis
1472 1429 1635 1471 circiter
1662 1430 1792 1487 duplo
1816 1433 1895 1474 erit

173 1507 312 1547 minor
332 1505 458 1562 quam
479 1505 557 1546 sub
577 1504 670 1560 ipso
688 1512 922 1560 aequatore3
952 1503 1068 1558 cujus
1088 1502 1240 1545 veritas
1266 1502 1311 1543 in
1339 1502 1442 1544 locis
1462 1517 1487 1543 a
1505 1502 1712 1545 littoribus
1737 1503 1894 1560 aliquot

171 1580 365 1622 milliaria
383 1579 555 1622 remotis
583 1593 660 1634 per
681 1578 979 1633 experientiam
1000 1575 1150 1618 eximie
1181 1576 1488 1631 comprobatur.
1550 1576 1894 1631 Deprehenditur

172 1653 284 1695 enim
312 1653 467 1710 ubique
486 1654 540 1695 -in
568 1653 671 1695 locis
700 1667 726 1693 a
753 1652 960 1694 littoribus
989 1651 1158 1693 remotis
1187 1658 1312 1692 aestus
1341 1649 1475 1691 multo
1509 1650 1647 1690 minor
1679 1650 1804 1705 quam
1839 1651 1893 1692 ad

170 1725 337 1776 littora3
378 1727 494 1782 cujus
522 1725 771 1768 discriminis
801 1740 926 1767 causa
954 1723 998 1765 in
1027 1724 1215 1780 sequenti
1247 1723 1393 1778 Capite
1421 1722 1602 1764 dilucide
1630 1723 1891 1766 indicabitur.

172 1797 415 1848 Quinetiam
434 1800 478 1841 in
496 1799 636 1842 medio
655 1799 760 1841 mari
779 1799 1023 1854 plerumque
1043 1806 1169 1839 aestus
1189 1796 1326 1838 adhuc
1343 1796 1478 1851 minor
1492 1796 1749 1847 observatur,
1767 1796 1890 1853 quam

170 1870 264 1912 haec
292 1870 436 1928 regula
464 1871 662 1927 requirit3
691 1871 736 1913 id
764 1879 903 1913 autem
932 1870 1174 1912 ostendetur
1203 1885 1229 1911 a
1257 1884 1345 1910 non
1374 1869 1473 1920 satis
1494 1867 1631 1923 ampla
1652 1870 1796 1911 oceani
1817 1885 1890 1911 ex-

170 1944 357 1985 tensione
389 1943 618 1986 secundum
649 1944 953 2001 longitudinem
983 1944 1205 1999 proficisci,
1248 1941 1601 1999 quemadmodum
1638 1943 1684 1984 in
1718 1943 1892 1986 Oceano

171 2016 385 2058 Atlantico
415 2017 488 2072 qui
518 2015 662 2058 versus
694 2017 951 2059 occidentem
983 2016 1192 2058 littoribus
1225 2016 1459 2065 Americae3
1508 2014 1651 2059 versus
1686 2017 1889 2061 orientem

169 2086 270 2128 vero
301 2087 508 2130 littoribus
543 2087 699 2129 Africae
733 2096 776 2129 et
811 2087 995 2143 Europae
1025 2087 1280 2137 terminatur,
1319 2101 1413 2143 quae
1447 2086 1677 2142 amplitudo
1710 2101 1798 2128 non
1828 2095 1892 2130 est

172 2159 270 2201 satis
298 2174 463 2217 magna,
492 2167 539 2201 ut
564 2160 770 2216 integram
799 2157 924 2200 aestfis
951 2158 1222 2214 quantitatem
1249 2158 1459 2213 suscipere
1485 2165 1622 2213 queat.

231 2237 263 2287 ᾗ.
295 2239 390 2275 103.
433 2233 645 2283 Quartum
679 2232 986 2289 phaenomenon
1020 2233 1237 2274 varietates
1272 2242 1503 2274 menstruas
1542 2231 1723 2288 respicit,
1765 2240 1890 2290 atque

169 2303 353 2346 ostendit
371 2312 510 2354 aestus,
533 2304 606 2359 qui
627 2304 737 2346 circa
756 2303 986 2359 plenilunia
1005 2311 1046 2346 et
1064 2303 1276 2345 novilunia
1295 2304 1555 2360 contingunt,
1583 2304 1691 2345 inter
1709 2304 1890 2361 reliquos

170 2376 356 2432 ejusdem
384 2375 538 2418 mensis
568 2390 657 2418 esse
683 2375 900 2427 maximos,
931 2383 1056 2417 aestus
1076 2375 1175 2417 vero
1195 2376 1304 2417 circa
1324 2375 1596 2432 quadraturas
1623 2376 1889 2420 luminarium

171 2448 390 2498 minimos3
431 2461 525 2503 quae
563 2447 823 2504 inaequalitas
857 2462 952 2489 cum
1001 2446 1161 2502 theoria
1200 2448 1341 2489 nostra
1376 2448 1431 2490 ad
1463 2448 1660 2490 amussim
1700 2449 1887 2505 quadrat.

173 2518 284 2563 Cum
303 2520 414 2562 enim
432 2527 556 2562 aestus
575 2520 701 2561 maris
721 2535 808 2562 non
826 2519 961 2562 solum
981 2520 1034 2562 ab
1055 2519 1103 2561 ea
1124 2519 1178 2570 vi,
1210 2534 1303 2576 quae
1322 2519 1470 2561 vortici
1500 2520 1668 2562 Lunam
1687 2521 1889 2563 ambienti

172 2592 382 2646 competit,
403 2592 574 2643 oriatur,
606 2591 679 2634 sed
709 2591 833 2633 etiam
861 2607 887 2633 a
915 2592 956 2632 vi
988 2591 1128 2634 Solem
1156 2598 1368 2647 spectante
1395 2590 1590 2646 pendeat,
1621 2606 1715 2648 quae
1742 2593 1887 2636 ceteris

170 2665 342 2722 paribus
375 2665 537 2709 circiter
570 2666 804 2723 quadruplo
838 2666 974 2708 minor
1007 2674 1070 2708 est
1101 2666 1143 2708 vi
1177 2666 1326 2717 Lunae,
1358 2665 1621 2707 manifestum
1649 2673 1712 2707 est
1740 2674 1887 2709 aestum

170 2738 295 2780 maris
327 2737 555 2779 maximum
581 2753 672 2780 esse
706 2738 870 2788 debere,
907 2738 942 2779 si
971 2738 1105 2779 ambae
1134 2738 1241 2779 vires
1270 2738 1377 2779 inter
1407 2752 1451 2779 se
1480 2738 1732 2793 conspirent,
1763 2746 1887 2795 atque

172 2826 322 2868 aquam
343 2811 466 2853 simul
485 2811 553 2853 vel
570 2812 732 2855 elevent
749 2812 815 2853 vel
844 2811 1092 2866 deprimant,
1121 2811 1166 2852 id
1186 2811 1299 2867 quod
1319 2810 1507 2853 accidere
1527 2810 1782 2853 ostendimus
1802 2819 1887 2853 tam

170 2882 408 2939 pleniluniis
441 2880 566 2938 quam
597 2883 834 2925 noviluniis.
893 2882 1061 2925 Deinde
1094 2881 1216 2923 simili
1248 2881 1388 2932 modo,
1424 2881 1621 2938 quoniam
1654 2882 1744 2924 istae
1777 2883 1886 2924 vires

171 2956 279 2997 inter
308 2971 352 2997 se
379 2955 561 2997 maxime
582 2955 820 3012 discrepant
848 2957 891 2998 in
912 2956 1188 3013 quadraturis,
1211 2956 1360 3012 quibus
1380 2955 1637 3011 temporibus
1656 2955 1758 2998 dum
1779 2970 1886 3012 aqua

172 3041 199 3066 a
228 3026 350 3068 Luna
379 3024 561 3067 maxime
591 3025 785 3078 elevatur,
817 3028 940 3069 simul
969 3043 995 3069 a
1026 3027 1123 3070 Sole
1151 3026 1332 3069 maxime
1352 3027 1599 3083 deprimitur
1619 3041 1668 3070 ac
1687 3027 1881 3078 vicissim,

173 3097 437 3153 perspicuum
452 3105 515 3151 est
533 3097 679 3141 iisdem
695 3099 948 3155 temporibus
964 3108 1110 3141 aestum
1126 3099 1344 3141 minimum
1361 3114 1451 3142 esse
1466 3099 1631 3142 debere.
1676 3100 1884 3142 Praeterea

528 3168 533 3172 *
996 3171 1020 3202 Z
1040 3177 1059 3202 3
