2092 3470
538 181 792 236 FLUXUS
820 183 902 226 AC
934 181 1271 228 REFLUXUS
1301 185 1512 232 MARIS.
1790 197 1872 234 385

165 291 392 338 subsidere.
452 292 528 335 Sin
555 300 696 335 autem
726 294 849 336 Luna
877 293 984 338 infra
1003 293 1180 339 Terram
1200 309 1226 334 a
1243 295 1471 338 meridiano
1499 296 1579 339 loci
1610 297 1654 339 N
1673 299 1727 341 ad
1745 302 1869 343 meri-

162 362 333 409 dianum
359 363 440 406 loci
471 363 524 405 M
552 365 856 422 progrediatur,
889 380 995 421 aqua
1023 365 1067 406 in
1097 364 1149 406 M
1170 364 1396 414 elevabitur
1414 368 1572 409 interea
1591 383 1667 424 per
1688 372 1866 425 spatium

157 481 205 498 =
227 437 408 547 32prsq
431 463 502 519 (M
516 461 532 486 ²
545 479 574 519 p
590 479 618 520 q
632 489 687 497 —
704 468 771 520 2(1
793 491 851 497 -
864 465 923 517 m)
942 465 978 506 P
994 463 1068 517 Q),
1090 479 1165 519 per
1181 471 1422 521 tantumque
1439 470 1616 522 spatium
1629 485 1736 526 aqua
1756 471 1797 512 in
1820 471 1864 513 N

156 578 352 621 subsidet.
391 622 399 629 x
416 580 625 621 Ponamus
655 595 766 622 nunc
795 581 993 638 angulum
1022 579 1061 620 L
1084 579 1118 619 P
1140 578 1192 620 M
1212 594 1302 620 esse
1323 587 1378 622 90
1397 583 1615 637 graduum,
1649 600 1720 626 seu
1741 601 1860 642 ques-

152 649 309 691 tionem
338 650 507 702 institui,
539 650 633 692 cum
666 652 790 693 Luna
813 653 902 708 jam
933 659 1027 693 ante
1057 664 1131 693 sex
1158 649 1282 693 horas
1311 652 1587 695 meridianum
1614 654 1696 699 loci
1727 656 1779 698 M
1806 659 1859 705 sit

150 728 419 780 transgressa,
442 732 565 780 atque
585 724 838 766 obtinebitur
857 722 1086 765 differentia
1104 721 1212 763 inter
1230 737 1349 777 aquae
1364 722 1602 765 altitudines
1620 725 1663 767 in
1681 726 1782 769 locis
1804 728 1857 770 M

147 820 321 863 etN=
366 797 1236 879 31¹(P2Q52-(PQ—Mpq))=
1271 801 1295 836 3
1327 795 1543 876 qu(2
1577 822 1629 864 M
1660 824 1854 874 PQ-

348 871 374 906 2
402 866 429 906 b
447 865 465 891 ⁵
1316 868 1340 901 2
1363 862 1390 903 b
1408 862 1427 886 3

147 935 201 977 M
213 934 229 958 ²
242 950 271 991 P
285 936 344 992 q)·
406 938 491 979 Sex
511 946 645 979 autem
666 936 793 986 horiS,
815 942 1035 990 antequam
1056 934 1180 975 Luna
1200 933 1252 974 ad
1273 932 1547 975 meridianum
1566 934 1647 976 loci
1668 936 1720 977 M
1740 928 1852 994 apel-

140 1031 201 1083 lit,
239 1048 346 1089 aqua
378 1033 422 1075 in
457 1033 500 1075 N
533 1033 664 1090 magis
699 1033 777 1075 erit
810 1031 968 1073 elevata
1002 1029 1126 1087 quam
1161 1030 1204 1070 in
1240 1030 1292 1072 M
1326 1029 1542 1072 intervallo
1575 1013 1648 1078 =3
1660 1007 1830 1115 21⁴3)qu

140 1150 184 1202 (2
207 1147 261 1189 Μ
283 1148 319 1189 Ρ
340 1147 383 1197 Q
410 1154 453 1198 ÷
481 1148 535 1191 M
553 1147 571 1172 2
589 1163 618 1204 p
639 1149 697 1204 q).
760 1149 999 1204 Sequuntur
1027 1146 1118 1187 haec
1148 1145 1183 1187 si
1212 1145 1358 1186 inertia
1378 1159 1496 1201 aquae
1516 1144 1750 1202 negligatur
1763 1162 1776 1196 3
1807 1156 1849 1189 at

135 1218 283 1261 inertia
313 1219 490 1262 admissa
521 1235 575 1262 ex
603 1220 933 1276 praecedentibus
963 1218 1059 1260 satis
1090 1218 1248 1260 clarum
1277 1226 1351 1268 est,
1383 1216 1478 1259 curn
1498 1217 1574 1259 has
1595 1218 1847 1261 differentias

135 1291 312 1345 majores
331 1306 420 1333 esse
440 1290 606 1341 debere,
635 1290 725 1332 tum
747 1298 937 1345 tempora
955 1289 1228 1330 mutationum
1251 1287 1408 1329 tardius
1429 1289 1545 1343 sequi
1566 1288 1730 1331 debere.

191 1366 222 1416 §.
250 1368 341 1404 122.
373 1364 584 1412 Quoniam
605 1362 703 1405 vero
723 1363 767 1403 in
786 1362 866 1403 hoc
886 1362 1012 1403 maris
1032 1368 1167 1402 tractu
1186 1360 1387 1415 perpetuo
1408 1359 1554 1400 eadem
1574 1374 1692 1415 aquae
1714 1376 1844 1416 quan-

131 1434 226 1476 titas
258 1437 460 1478 contineri
489 1437 624 1487 debet,
656 1451 823 1478 necesse
843 1442 891 1476 ut
911 1432 1110 1490 quantum
1130 1447 1250 1488 aquae
1270 1431 1352 1473 una
1372 1439 1490 1486 parte
1512 1446 1637 1485 supra
1660 1431 1842 1474 libellam

131 1505 355 1556 attollatur,
378 1507 620 1547 tantundem
641 1521 688 1547 ea
708 1506 752 1546 in
772 1504 927 1561 reliqua
947 1510 1066 1559 parte
1085 1502 1192 1543 infra
1209 1501 1390 1543 libellam
1411 1501 1678 1556 deprimatur.
1739 1502 1838 1552 Quo

134 1576 261 1633 igitur
289 1577 386 1618 hine
407 1578 663 1619 altitudinem
683 1578 807 1619 maris
830 1577 972 1633 quovis
991 1577 1085 1617 loco
1105 1574 1248 1618 exacte
1270 1574 1603 1624 determinemus,
1634 1589 1838 1629 ponamus

127 1657 304 1690 tractum
324 1659 510 1691 nostrum
530 1649 757 1692 secundum
777 1649 1079 1707 longitudinem
1100 1647 1311 1695 terminari
1329 1647 1437 1690 binis
1456 1647 1696 1689 meridianis
1728 1648 1764 1690 P
1786 1647 1839 1691 M

126 1727 168 1760 et
198 1719 235 1761 P
264 1719 319 1770 N,
361 1719 587 1762 secundum
615 1720 874 1762 latitudinem
910 1719 1009 1761 vero
1039 1719 1148 1760 binis

123 1791 330 1846 parallelis
353 1792 404 1834 M
421 1793 464 1834 N
484 1801 525 1835 et
542 1808 586 1834 m
600 1808 643 1844 n,
665 1792 879 1850 positaque
899 1792 1021 1835 Luna
1042 1793 1084 1833 in
1107 1791 1146 1833 L

123 1863 177 1904 sit
207 1864 321 1904 sinus
357 1864 394 1906 P
424 1865 464 1906 L
499 1882 541 1903 =
578 1880 618 1921 q,
657 1866 820 1907 cosinus
855 1882 896 1903 =
932 1865 998 1914 Q3
1031 1865 1143 1906 sinus

123 1935 163 1976 L
185 1934 222 1979 P
245 1935 297 1978 M
320 1952 361 1974 =
385 1936 439 1986 T,
462 1937 626 1978 cosinus
650 1953 691 1975 =
713 1945 743 1979 t.
805 1937 939 1978 Porro
959 1936 1012 1978 sit
1031 1936 1144 1977 sinus

121 2006 240 2048 arcus
263 2007 366 2050 PM
385 2025 426 2048 =
447 2023 489 2064 p,
513 2009 677 2049 cosinus
690 2024 735 2040 =
748 2008 796 2058 P,
819 2008 931 2049 sinus
955 2008 1140 2057 Pm=r,

120 2079 285 2120 cosinus
301 2096 342 2117 =
358 2080 410 2130 R,
435 2088 558 2136 atque
572 2079 714 2137 anguli
735 2079 787 2120 M
804 2079 839 2120 P
852 2078 895 2120 N
916 2078 1080 2119 sinus=
1092 2078 1143 2119 M

119 2159 160 2192 et
181 2151 347 2192 cosinus
368 2168 409 2194 =
428 2167 484 2193 m.
532 2152 743 2194 Praeterea
765 2151 816 2192 sit
835 2150 1007 2192 elevatio
1027 2151 1069 2191 in
1092 2149 1144 2191 M

117 2222 218 2262 dum
236 2222 359 2264 Luna
371 2223 414 2263 in
434 2223 472 2264 L
487 2231 686 2273 versatur,
704 2237 829 2277 supra
842 2221 1023 2263 libellam
1042 2237 1084 2259 =
1103 2238 1141 2271 α,

116 2293 175 2334 ita
202 2302 250 2335 ut
278 2294 360 2336 hoc
387 2295 481 2336 loco
509 2310 704 2351 suprema
722 2309 841 2351 aquae
863 2293 1100 2348 superficies
1120 2308 1146 2334 a

118 2374 263 2407 centro
298 2367 446 2409 Terrae
481 2368 604 2410 distet
638 2368 855 2410 intervallo
887 2386 932 2400 =
972 2373 990 2408 1
1028 2373 1071 2416 -1-
1103 2383 1141 2416 α,

117 2438 228 2480 unde
257 2438 353 2482 cum
384 2442 496 2482 sinus
527 2441 755 2483 altitudinis
786 2440 923 2482 Lunae
949 2439 992 2480 in
1013 2438 1066 2483 M
1087 2438 1139 2479 sit

120 2525 162 2546 =
187 2516 206 2550 t
224 2524 254 2564 p
275 2526 302 2566 q
331 2518 373 2560 -Ι-
403 2512 439 2553 Ρ
460 2512 516 2562 Q,
549 2513 626 2554 erit
645 2510 863 2568 gravitatio
883 2508 1008 2551 totius
1029 2508 1233 2550 columnae
1252 2517 1394 2560 aqueae
1413 2502 1466 2543 ab
1488 2502 1541 2544 M
1560 2502 1614 2543 ad
1634 2509 1822 2544 centrum
1884 2561 1890 2568 .

112 2605 259 2648 Terrae
280 2623 321 2644 =
347 2584 529 2647 (Μ
550 2589 569 2607 n
590 2583 622 2613 4
643 2582 655 2605 1
684 2614 724 2657 -1-
754 2582 1043 2645 Iss(.l--3..(t.
1056 2594 1084 2634 P
1106 2576 1392 2642 q—÷———P
1274 2574 1334 2626 Q)
1355 2573 1387 2624 i)
1408 2625 1454 2640 =
1542 2578 1557 2613 Ῑ
1649 2604 1692 2648 4.
1718 2615 1744 2638 α
1770 2604 1814 2650 4

361 2664 390 2690 n
417 2656 459 2699 -Ι-
491 2656 509 2691 1
1015 2651 1041 2686 2
1061 2646 1090 2687 b
1109 2645 1126 2669 ³
1483 2645 1500 2680 1
1528 2647 1570 2689 -ξ-
1591 2655 1621 2680 n

109 2719 778 2797 Q,
809 2745 948 2801 prouti
979 2741 1103 2799 supra
1132 2745 1162 2796 ᾗ.
1183 2747 1253 2782 43.
1274 2746 1316 2780 et
1342 2743 1411 2779 44.
1433 2737 1814 2781 demonstravimus.

380 2790 406 2825 2
427 2786 455 2826 b
473 2785 491 2809 ³

110 2854 411 2896 Consideretur
423 2857 511 2911 jam
533 2856 645 2900 locus
665 2859 900 2916 quicunque
931 2858 977 2900 X
1002 2858 1047 2898 in
1066 2862 1209 2897 nostro
1229 2859 1375 2901 tractu,
1397 2851 1442 2891 in
1461 2865 1544 2907 quo
1564 2865 1670 2907 aqua
1690 2867 1814 2908 supra

105 2930 288 2972 libellam
308 2931 361 2973 sit
381 2931 537 2974 elevata
557 2934 688 2989 spatio
710 2952 752 2974 =
780 2949 827 2988 503
858 2949 906 2976 ac
926 2934 1051 2975 ducto
1070 2945 1147 2987 per
1165 2930 1278 2971 hunc
1296 2928 1433 2969 locum
1452 2926 1682 2982 meridiano
1704 2927 1740 2968 P
1756 2926 1810 2975 R,
1883 2974 1885 2976 ,

105 3002 159 3043 sit
178 3002 320 3058 anguli
342 3002 381 3044 L
404 3003 440 3044 P
463 3004 504 3046 R
525 3003 637 3047 sinus
665 3022 706 3044 =
735 3006 795 3058 X,
818 3006 980 3047 cosinus
1009 3021 1050 3042 =
1076 3018 1130 3052 x3
1162 2999 1280 3043 arcfis
1308 2999 1344 3040 P
1366 2997 1411 3040 X
1433 2997 1544 3041 sinus
1571 3013 1612 3037 z:
1639 3012 1662 3039 z
1682 3004 1723 3038 et
1742 3011 1810 3038 co-
