2092 3470
286 186 388 226 xviii
780 220 783 222 μ
924 185 1361 230 INTRODUCTIO
1471 221 1475 225 ,
1801 187 1928 239 [ΟΑΡ.
1951 187 1987 230 1.

282 299 335 342 sit
365 300 418 342 M
449 301 498 350 P,
514 332 516 335 .
531 298 682 340 dantur
711 299 754 340 in
783 300 992 358 triangulo
1016 303 1045 344 S
1068 302 1119 343 M
1143 302 1178 343 P
1199 301 1364 343 latusP
1387 301 1421 343 S
1437 300 1785 356 complementum
1804 300 1986 351 declina-

281 371 403 413 tionis
433 378 473 411 et
502 368 676 426 angulus
699 369 757 411 AE
790 370 825 412 P
854 371 914 421 D,
945 373 1061 427 cujus
1082 380 1144 413 est
1164 386 1360 413 mensura
1381 370 1440 413 AE
1469 371 1528 422 D,
1550 386 1604 413 ex
1623 371 1704 428 qua
1724 372 1759 414 si
1779 370 1987 417 auferatur

281 441 490 498 quadrans
511 439 570 481 AE
591 447 648 490 (Ῥ,
671 439 838 482 dabitur
858 443 1044 483 ascensio
1065 449 1178 483 recta
1198 449 1239 480 ‘v'
1262 441 1320 484 D.
1712 485 1717 488 ,
1743 481 1748 486 .
1810 482 1813 485 .
1880 482 1886 488 ,
1931 449 1934 450 ’
1969 483 1976 487 i

341 520 406 556 19.
429 513 498 554 Ex
516 513 754 568 hujusmodi
775 514 1129 555 observationibus
1144 522 1186 555 et
1203 513 1368 555 calculis
1389 513 1603 555 inventum
1617 520 1678 554 est
1698 513 1877 555 fixarum
1895 514 1988 556 lati-

278 583 441 625 tudines
452 583 727 625 immutabiles
744 599 847 634 esse,
865 584 1144 641 longitudines
1160 583 1259 626 vero
1275 599 1350 639 per
1363 584 1547 641 singulos
1563 591 1692 627 annos
1708 590 1763 627 50
1779 586 1985 637 secundis,

278 662 320 697 et
337 670 413 711 per
432 671 562 697 annos
596 661 648 700 72
679 656 813 713 gradu
832 671 916 697 uno
937 656 1253 712 quamproxime
1283 656 1438 713 augeri.
1504 655 1631 698 Unde
1651 655 1913 698 manifestum
1928 658 1988 703 ,fit

277 726 415 768 stellas
446 727 551 767 fixas
580 734 696 767 motu
725 726 898 781 proprio
927 727 1002 768 sed
1030 727 1259 768 lentissimo
1288 726 1332 767 in
1361 726 1523 767 circulis
1549 726 1752 781 eclipticae
1771 719 1983 782 *parallelis

275 800 473 856 progredi
493 801 536 841 in
557 800 864 855 consequentia,
890 808 961 841 aut
981 800 1015 841 si
1036 800 1164 841 stellae
1179 799 1276 840 fixae
1291 799 1405 840 omni
1424 787 1596 854 proprio
1616 806 1732 840 motu
1752 800 1980 854 priventur,

275 881 431 927 puncta
450 873 753 929 aequinoctialia
773 873 945 930 singulis
966 872 1084 914 annis
1105 872 1147 913 in
1169 871 1453 913 antecedentia
1466 870 1624 912 moveri
1638 885 1871 925 perarcum
1891 873 1985 931 50‘',

276 944 399 1000 atque
419 944 511 986 haec
532 953 593 986 est
611 945 830 1000 praecessio
851 944 1192 1001 aequinoctiorum
1209 959 1262 985 ex
1277 943 1358 1000 qua
1379 944 1427 985 fit
1446 951 1493 985 ut
1510 943 1583 985 Sol
1603 950 1721 984 motu
1739 944 1912 1000 proprio
1931 945 1986 987 ab

276 1018 523 1072 aequinoctio
552 1018 606 1059 ad
635 1018 745 1060 idem
776 1018 1069 1074 aequinoctium
1099 1015 1219 1058 citius
1246 1024 1476 1058 revertatur
1496 1014 1622 1071 quam
1642 1030 1667 1056 a
1687 1014 1805 1057 stella
1825 1015 1910 1058 fixa
1931 1008 1987 1058 ad

276 1087 462 1130 eandem.
543 1089 692 1130 Annus
732 1089 859 1145 igitur
900 1089 1043 1130 solaris
1079 1087 1375 1144 aequinoctialis
1414 1086 1580 1127 brevior
1613 1093 1676 1127 est
1710 1100 1821 1127 anno
1860 1087 1984 1129 solari

276 1161 449 1211 sidereo,
481 1161 561 1203 hoc
591 1170 652 1203 est
679 1162 845 1203 brevior
865 1169 926 1202 est
945 1168 1132 1215 tempore
1152 1160 1274 1201 unius
1296 1158 1562 1199 revolutionis
1586 1157 1694 1199 Solis
1715 1173 1740 1198 a
1759 1157 1984 1202 stellfifixfi

275 1231 329 1272 ad
359 1231 532 1273 eandem
562 1232 712 1281 fixam3
744 1231 975 1272 differentia
995 1238 1057 1271 est
1077 1232 1141 1271 20¹
1168 1230 1242 1274 17“
1266 1244 1348 1284 quo
1368 1236 1556 1282 tempore
1579 1227 1651 1269 Sol
1670 1236 1788 1269 motu
1814 1231 1986 1285 proprio

275 1318 417 1344 arcum
439 1306 514 1346 50‘'
537 1303 714 1344 conficit.
776 1303 853 1344 Est
873 1301 974 1359 ergo
994 1316 1126 1343 annus
1146 1301 1331 1342 sidereus
1355 1299 1505 1342 365‘¹³⁰¹·
1526 1298 1610 1342 6¹¹⁰¹·
1632 1301 1671 1342 9'
1695 1301 1783 1345 17‘'.

334 1379 402 1415 20.
436 1373 657 1414 Stellarum
677 1372 913 1413 distantiam
934 1372 1108 1413 dicimus
1129 1374 1272 1412 arcum
1294 1370 1437 1411 circuli
1456 1370 1627 1410 maximi
1647 1371 1754 1411 inter
1775 1372 1986 1414 stellarum

276 1454 418 1487 centra
445 1445 803 1500 comprehensum,
832 1453 916 1494 aut,
950 1443 1064 1500 quod
1098 1442 1245 1484 eodem
1274 1441 1395 1493 redit,
1428 1441 1626 1498 angulum
1656 1455 1780 1497 quem
1810 1452 1933 1486 rectae
1961 1460 1988 1486 a

277 1519 428 1560 centris
458 1518 670 1559 stellarum
700 1518 753 1558 ad
782 1514 949 1558 oculum
970 1515 1146 1571 specta—'
1687 1510 1688 1513 ¹

276 1590 376 1631 toris
406 1590 542 1631 ductae
572 1589 764 1630 efficiunt.
829 1589 874 1631 Si
904 1602 984 1643 ope
1004 1587 1125 1629 semi·-

279 1661 422 1704 circuli
465 1662 529 1703 vel
579 1661 818 1717 quadrantis
860 1660 1128 1701 observentur

276 1733 482 1775 distantiae
502 1732 631 1773 stellae
651 1732 823 1787 alicujus
843 1731 896 1772 ab
917 1732 1005 1772 aliis
1026 1731 1127 1772 dua-

275 1807 354 1847 bus
384 1806 509 1847 stellis
531 1819 707 1861 quarum
735 1803 955 1860 longitudo
976 1811 1017 1844 et
1035 1803 1126 1844 lati-

278 1878 381 1918 tudo
401 1885 511 1919 notae
532 1884 640 1927 sunt,
672 1876 780 1916 illius
802 1890 965 1931 quoque
994 1875 1126 1931 longi-

276 1949 379 1995 tudo
417 1957 459 1990 et
496 1949 671 1990 latitudo
713 1948 936 1989 dabuntur.
1015 1947 1126 1989 Nam

276 2028 365 2061 esto
396 2020 583 2075 ecliptica
619 2020 657 2061 E
693 2019 744 2069 L,
777 2019 899 2075 polus
933 2019 1020 2075 ejus
1057 2018 1123 2068 M,

276 2091 404 2132 stellae
424 2098 535 2132 notae
554 2091 824 2148 longitudinis
841 2099 882 2132 et
899 2090 1125 2132 latitudinis

279 2164 309 2204 S
339 2170 381 2203 et
412 2163 460 2212 F,
491 2163 612 2204 tertia
641 2161 758 2204 stella
787 2163 844 2204 D.
905 2162 1126 2204 Ducantur

277 2243 359 2276 tres
374 2233 516 2275 circuli
531 2232 760 2275 latitudinis
774 2230 827 2275 M
842 2233 887 2275 D
910 2233 960 2283 E,
977 2233 1029 2274 M
1045 2234 1074 2275 S
1089 2233 1126 2274 B

276 2314 318 2347 et
353 2304 404 2348 M
436 2306 471 2347 F
501 2307 555 2356 A,
588 2307 752 2362 sintque
782 2306 890 2347 datae
920 2304 1126 2347 distantiae

277 2377 322 2418 D
341 2378 370 2419 S
385 2385 427 2418 et
441 2377 485 2419 D
503 2377 550 2419 F.
593 2378 705 2427 Quia
720 2378 871 2419 dantur
886 2377 1122 2419 latitudines
1820 2415 1822 2417 ,
1967 2400 1973 2409 ›

279 2448 309 2488 S
326 2447 363 2488 B
384 2455 425 2488 et
447 2447 481 2488 F
498 2448 539 2489 A
559 2448 771 2489 stellarum
794 2449 823 2490 S
837 2456 880 2489 et
898 2448 945 2497 F,
968 2447 1178 2488 dabuntur
1195 2461 1340 2488 earum
1360 2448 1661 2503 complementa
1683 2449 1714 2491 S
1735 2448 1788 2490 M
1807 2457 1849 2491 et
1870 2450 1906 2491 F
1926 2448 1980 2492 M

276 2532 371 2558 cum
391 2517 544 2574 angulo
562 2518 599 2559 B
617 2516 669 2559 M
686 2518 738 2568 A,
762 2519 876 2572 cujus
896 2531 1090 2558 mensura
1109 2524 1172 2558 est
1189 2532 1309 2559 arcus
1332 2518 1368 2559 B
1387 2519 1440 2568 A,
1463 2518 1694 2560 differentia
1708 2518 1979 2576 longitudinis

276 2586 486 2628 stellarum
517 2588 547 2630 S
578 2596 619 2629 et
650 2588 697 2638 F,
720 2596 761 2629 et
781 2587 875 2630 ideo
895 2587 938 2629 in
958 2587 1178 2650 triangulo
1192 2588 1222 2630 S
1243 2588 1279 2630 F
1301 2588 1365 2639 M,
1397 2589 1564 2631 dabitur
1586 2591 1615 2632 S
1638 2590 1686 2640 F,
1709 2593 1813 2632 cum'
1823 2591 1979 2649 angulo

278 2656 330 2698 M
354 2658 384 2699 S
416 2659 462 2700 F.
533 2659 654 2701 Datis
683 2659 726 2700 in
756 2658 963 2716 triangulo
991 2659 1036 2701 D
1070 2659 1100 2701 S
1132 2659 1179 2709 F,
1213 2659 1344 2700 tribus
1374 2660 1570 2702 lateribus
1602 2661 1769 2703 dabitur
1802 2662 1978 2720 angulus

277 2727 322 2768 D
345 2727 376 2768 S
398 2727 445 2777 F,
468 2737 508 2769 et
529 2730 563 2770 si
582 2744 635 2771 ex
655 2735 755 2772 360ο
777 2744 848 2771 seu
870 2737 1047 2786 quatuor
1066 2729 1231 2786 angulis
1251 2730 1372 2771 rectis
1393 2731 1645 2772 subducatur
1665 2747 1827 2774 summa
1845 2748 1978 2791 angu-

276 2799 413 2840 lorum
441 2799 631 2843 datorum
660 2802 704 2844 D
738 2803 767 2844 S
800 2802 835 2843 F
864 2809 905 2843 et
927 2801 962 2843 F
985 2802 1015 2843 S
1037 2801 1102 2851 M,
1126 2801 1293 2842 dabitur
1312 2803 1488 2858 angulus
1509 2803 1553 2844 D
1577 2803 1607 2845 S
1630 2803 1695 2854 M,
1716 2819 1813 2845 cum
1833 2819 1917 2861 quo
1935 2814 1978 2848 et

276 2871 383 2912 notis
403 2871 596 2914 lateribus
618 2874 662 2915 D
686 2875 716 2916 S
737 2882 778 2916 et
799 2875 829 2916 S
851 2873 916 2924 M,
952 2874 1210 2928 reperientur
1229 2873 1335 2915 latus
1358 2875 1409 2916 M
1429 2875 1473 2917 D
1495 2876 1976 2934 complementumquae-

279 2942 367 2983 sitae
386 2941 611 2984 latitudinis
631 2945 760 2987 stellae
781 2945 839 2995 D,
863 2953 904 2986 et
923 2944 1101 3001 angulus
1123 2945 1160 2986 E
1183 2944 1234 2986 M
1252 2944 1289 2986 B
1310 2946 1424 3001 cujus
1444 2960 1636 2988 mensura
1651 2954 1711 2988 est
1730 2962 1849 2990 arcus
1866 2948 1904 2991 E
1921 2949 1972 3001 B,
