2092 3470
489 180 742 224 FLUXUS
774 180 856 223 Ac
889 179 1227 224 REFLUXUS
1258 181 1468 225 MARIS.
1745 189 1827 225 338

127 291 264 343 etiam,
285 300 332 335 ut
350 295 457 350 aqua
476 294 557 351 alio
577 295 622 334 in
640 294 734 336 loco
754 302 915 336 tantum
935 295 1128 344 elevetur,
1150 295 1274 350 inque
1289 297 1370 337 alio
1386 305 1543 338 tantum
1560 296 1827 352 deprimatur,

132 372 331 418 quantum
361 365 490 415 fieret,
522 365 557 405 si
587 365 661 406 iste
690 373 843 406 tractus
872 366 1042 406 omnino
1070 379 1156 406 non
1176 375 1282 406 esset
1301 367 1552 408 terminatus.
1614 368 1673 409 At
1691 368 1725 409 si
1752 368 1830 409 iste

126 441 282 475 tractus
312 443 397 476 tam
426 434 549 476 fuerit
578 450 728 490 parvus
749 444 795 476 ut
814 435 987 493 singulae
1015 444 1152 491 partes
1172 436 1399 491 aequalibus
1419 437 1504 479 fere
1523 438 1678 480 viribus
1707 437 1831 479 simul

125 506 192 547 vel
225 507 464 549 attollantur
497 508 563 549 vel
593 508 893 563 deprimantur,
927 508 1040 549 nulla
1079 507 1281 550 sensibilis
1316 510 1488 550 mutatio
1527 510 1626 550 oriri
1664 510 1828 565 poterit.

124 576 248 632 Aqua
278 578 386 618 enim
417 594 502 619 uno
529 579 579 619 in.
602 579 695 620 loco
725 579 856 620 attolli
884 579 1027 635 nequit
1054 579 1134 620 nisi
1161 579 1206 619 in
1233 577 1314 619 alio
1343 579 1526 621 subsidat
1544 588 1587 621 et
1607 579 1764 631 contra,
1795 580 1831 622 si

123 646 291 702 quidem
325 649 470 690 eadem
503 663 621 705 aquae
655 649 774 704 copia
807 650 850 690 in
883 664 933 690 eo
963 656 1097 690 tractu
1123 645 1325 703 perpetuo
1353 658 1629 691 conservetur.
1690 652 1831 707 Atque

123 716 216 758 haec
235 727 298 760 est
318 719 423 760 ratio
443 727 490 760 ut
508 719 552 759 in
574 719 689 760 Mari
711 719 885 769 Baltico,
910 719 1076 773 Caspio,
1100 717 1248 774 Nigr0‚
1280 717 1451 773 aliisque
1469 718 1697 762 minoribus
1715 721 1830 762 lacu-

121 788 201 829 bus
222 789 359 830 nullus
380 790 550 831 omnino
569 798 694 832 aestus
714 789 1058 845 deprehendatur.

178 864 208 914 §.
234 867 328 903 119.
362 860 491 911 Qubd
520 862 555 903 si
584 870 721 904 autem
750 861 981 904 istiusmodi
1009 862 1134 902 maris
1156 870 1309 903 tractus
1330 869 1491 903 tantum
1511 862 1688 917 spatium
1709 878 1831 905 occu-

119 941 204 987 pet,
226 941 272 974 ut
291 933 398 974 vires
419 933 651 975 attollentes
672 941 713 975 et
732 933 1009 988 deprimentes
1032 932 1075 972 in
1097 932 1423 974 extremitatibus
1445 933 1695 974 sensibiliter
1715 934 1833 976 diffe-

121 1011 227 1053 rant,
259 1012 349 1045 tum
378 1019 546 1045 necesse
576 1012 638 1046 est
666 1012 713 1045 ut
741 1019 826 1045 non
857 1004 989 1045 solum
1018 1018 1126 1059 aqua
1154 1004 1198 1044 in
1218 1004 1348 1045 altero
1369 1012 1557 1045 extremo
1577 1005 1760 1047 elevetur
1788 1007 1834 1047 in

120 1075 333 1131 alteroque
354 1077 622 1131 deprimatur,
646 1077 719 1118 sed
741 1077 865 1118 etiam
885 1086 931 1118 ut
952 1076 1183 1118 differentia
1203 1077 1310 1118 inter
1329 1093 1447 1133 aquae
1468 1077 1705 1121 altitudines
1720 1087 1834 1121 tanta

119 1147 183 1196 sit,
207 1154 360 1202 quanta
379 1147 423 1187 in
443 1155 588 1202 aperto
608 1162 764 1189 oceano
784 1147 918 1188 eidem
938 1147 1088 1188 virium
1106 1147 1349 1189 differentiae
1365 1149 1602 1204 respondet.
1645 1149 1833 1199 Quamo-

117 1219 236 1260 brem
267 1220 431 1261 definiri
466 1221 696 1270 conveniet,
729 1229 882 1276 quanta
910 1220 954 1261 in
983 1219 1154 1261 diversis
1182 1220 1328 1261 Terrae
1357 1220 1457 1261 locis
1478 1221 1625 1262 eodem
1645 1230 1834 1277 tempore

118 1290 162 1331 in
182 1290 466 1331 altitudinibus
486 1306 605 1347 aquae
625 1306 650 1332 a
669 1291 823 1332 viribus
841 1291 975 1332 Lunae
995 1306 1044 1332 ac
1067 1290 1173 1332 Solis
1203 1291 1378 1346 produci
1400 1300 1535 1347 queat.
1597 1292 1664 1333 Ne
1693 1302 1832 1335 autem

118 1361 300 1405 calculus
329 1362 503 1402 nimium
533 1362 606 1403 fiat
635 1362 836 1416 prolixus,
869 1361 1000 1403 solam
1028 1361 1163 1402 Lunae
1181 1362 1266 1402 vim
1291 1361 1335 1402 in
1356 1370 1599 1417 computum
1618 1362 1830 1415 ducemus,

119 1435 273 1491 quippe
293 1450 389 1491 quae
407 1435 493 1475 vim
516 1434 623 1476 Solis
643 1434 820 1476 multum
840 1434 1027 1484 excedit3
1063 1443 1105 1475 et
1124 1435 1321 1490 quoniam
1341 1433 1490 1475 effectu
1512 1434 1648 1476 Lunae
1669 1437 1835 1493 cognito

118 1507 240 1550 facile
258 1516 321 1550 est
343 1508 451 1549 Solis
471 1507 663 1548 effectum
682 1508 926 1549 aestimando
947 1508 1013 1549 vel
1032 1508 1210 1563 adjicere
1230 1508 1295 1549 vel
1315 1507 1489 1549 auferre.
1547 1509 1836 1565 Repraeseutet

119 1595 220 1637 ergo
243 1581 280 1622 P
295 1581 334 1622 L
353 1581 413 1636 pl
432 1580 694 1636 superficiem
714 1581 860 1622 Terrae
881 1582 996 1636 cujus
1016 1580 1102 1636 poli

77 1682 83 1684 f
118 1654 202 1695 sint
233 1655 270 1696 P
290 1662 332 1695 et
360 1669 403 1709 p,
439 1662 562 1710 atque
596 1653 646 1696 M
667 1662 707 1696 et
734 1654 777 1695 N
806 1654 886 1694 sint
907 1653 991 1695 duo
1020 1661 1102 1695 ter-

116 1725 220 1767 mini
252 1726 296 1767 in
332 1726 480 1767 eodem
513 1726 637 1768 maris
672 1734 805 1767 tractu
835 1726 1017 1776 assumti,
1058 1726 1102 1767 in

1482 1646 1526 1672 1²

118 1799 271 1855 quibus
312 1807 513 1855 quantum
559 1798 685 1840 maris
733 1798 908 1839 altitudo
956 1799 1102 1855 quovis

117 1879 305 1926 tempore
327 1870 503 1928 differat,
536 1872 588 1912 sit
610 1871 953 1927 investigandum.
992 1872 1111 1912 ‚Re-⁷

120 1951 345 2000 praesentet
378 1958 506 1999 porro
542 1943 580 1984 L
606 1943 621 1983 l
651 1942 908 1997 parallelum,
943 1943 985 1983 in
1021 1938 1104 1998 quo

120 2013 245 2055 Luna
263 2021 477 2054 moveatur
496 2012 578 2053 hoc
598 2020 795 2066 tempore,
829 2012 961 2067 sitque
982 2011 1104 2053 Luna

115 2084 164 2127 in
198 2085 238 2127 L
253 2100 264 2134 ;
311 2091 433 2140 atque
467 2083 672 2138 exprimet
705 2083 881 2139 angulus
919 2081 957 2122 L
990 2082 1026 2123 P
1054 2082 1106 2124 M

119 2164 296 2211 tempus,
332 2150 446 2211 quod
479 2163 576 2209 post
607 2154 742 2195 Lunae
776 2153 997 2194 transitum
1029 2168 1106 2208 per

121 2225 394 2269 meridianum
413 2226 579 2268 termini
601 2225 652 2267 M
680 2234 741 2266 est
768 2225 1099 2281 praeterlapsum,

118 2299 295 2357 angulus
326 2297 426 2339 vero
458 2298 496 2339 L
518 2297 555 2339 P
575 2297 619 2338 N
647 2305 809 2352 tempus
838 2304 933 2351 post
958 2298 1107 2339 transi·
1451 2282 1474 2313 ⁹

118 2379 207 2413 tum
238 2371 372 2412 Lunae
401 2386 477 2426 per
504 2370 779 2411 meridianum
808 2369 974 2411 alterius
1004 2371 1170 2412 termini
1201 2371 1256 2412 N.
1316 2371 1470 2414 Ductis
1507 2380 1646 2415 autem
1669 2371 1833 2414 circulis

120 2443 310 2484 maximis
331 2441 368 2484 P
391 2442 443 2484 M
464 2451 504 2484 et
529 2442 563 2483 P
585 2442 640 2493 N,
664 2442 741 2484 erit
761 2457 879 2483 arcus
903 2442 940 2483 P
966 2442 1018 2485 M
1039 2442 1386 2498 complementum
1405 2443 1633 2485 latitudinis
1653 2443 1738 2485 loci
1765 2442 1832 2493 M,

120 2528 240 2555 arcus
263 2513 299 2555 P
319 2514 362 2555 N
381 2513 481 2555 vero
510 2513 592 2555 loci
625 2513 678 2563 N,
709 2513 886 2569 angulus
907 2512 1006 2554 vero
1028 2513 1080 2555 M
1102 2514 1138 2555 P
1160 2513 1204 2555 N
1223 2513 1339 2555 dabit
1359 2514 1633 2556 differentiam
1652 2513 1834 2570 longitu-

121 2584 228 2626 dinis
248 2584 436 2626 locorum
456 2583 508 2625 M
529 2594 570 2625 et
591 2583 658 2633 N;
689 2598 782 2640 quae
802 2584 978 2639 proinde
998 2585 1136 2626 omnia
1155 2593 1368 2640 ponuntur
1387 2585 1568 2642 cognita.

158 2659 210 2714 ιᾗ.
235 2661 329 2697 120.
360 2656 581 2699 Ducantur
604 2657 692 2712 jam
723 2671 776 2698 ex
805 2656 899 2698 loco
929 2656 1064 2698 Lunae
1094 2657 1132 2698 L
1162 2657 1215 2698 ad
1246 2657 1444 2698 terminos
1477 2656 1530 2698 M
1557 2663 1602 2699 et
1630 2655 1674 2696 N
1693 2655 1835 2697 circuli

121 2728 295 2769 maximi
316 2727 354 2768 L
377 2727 430 2770 M
450 2736 492 2769 et
512 2729 550 2770 L
567 2729 622 2779 N,
647 2727 984 2784 exhibebuntque
1004 2728 1072 2769 isti
1095 2742 1214 2768 arcus
1235 2727 1538 2782 complementa
1556 2726 1831 2777 altitudinum,

123 2800 271 2857 quibus
291 2799 373 2840 hoc
393 2807 583 2855 tempore
604 2801 726 2842 Luna
746 2801 788 2841 in
807 2801 908 2841 locis
931 2800 983 2842 M
1005 2810 1046 2842 et
1066 2800 1109 2841 N
1134 2815 1258 2855 supra
1279 2800 1537 2842 horizontem
1559 2800 1716 2842 elevata
1734 2814 1834 2841 con—

124 2872 307 2927 spicitur.
370 2870 556 2912 Ponatur
586 2873 705 2913 arcus
738 2873 773 2914 P
795 2872 834 2913 L
865 2873 978 2913 sinus
1016 2889 1056 2910 =
1093 2888 1132 2928 q,
1166 2872 1328 2923 cosinus
1366 2889 1408 2910 =
1448 2872 1503 2923 Q,
1541 2873 1619 2914 erit
1647 2872 1691 2922 Q
1720 2873 1833 2914 sinus

125 2943 409 2985 declinationIS
437 2943 615 2989 borealis
646 2944 792 2995 Lunae,
825 2945 861 2986 si
891 2945 1058 3001 quidem
1087 2945 1130 2994 Q
1159 2945 1309 2987 habeat
1329 2945 1515 2987 valorem'
1532 2945 1832 2995 affirmativum,

125 3030 174 3058 ac
206 3015 241 3056 P
268 3015 413 3070 polum
443 3015 653 3057 borealem
682 3016 862 3059 denotet.
922 3017 1092 3060 Deinde
1111 3025 1292 3072 ponatur
1311 3016 1430 3060 arcus
1452 3014 1563 3060 PM
1583 3018 1695 3060 sinus
1721 3034 1763 3056 =
1789 3032 1832 3073 p,

172 3085 252 3117 Vox..
273 3085 344 3116 111.
963 3087 993 3117 A
1009 3096 1028 3117 a
