2092 3470
225 230 282 267 40
625 215 1073 265 PHILOSOPHIAE
1102 215 1465 265 'NATURALIS
1508 222 1600 274 [De
1619 221 1778 263 Mune.
1797 220 1917 263 Sr‘sv.

566 448 939 492 PROPOSITIO
975 447 1058 489 IX.
1118 446 1475 489 THEOREMA
1505 446 1587 496 IX.

229 578 481 622 Gravitatem
511 578 715 631 pergendo
753 591 780 616 a
813 574 1081 629 superficiebus
1111 575 1369 628 planetarum
1409 575 1582 615 deorsum
1618 576 1833 616 decrescere
1875 575 1918 616 in

571 648 729 687 ratione
748 646 1029 687 distantiarum
1049 660 1076 684 a
1095 650 1227 685 centro
1246 659 1361 698 quam
1382 641 1578 697 proxime.

249 796 252 797 ’
285 789 329 832 Si
359 787 529 828 materia
559 785 736 840 planetae
762 782 898 839 quoad
929 780 1170 824 densitatem
1200 780 1416 823 uniformis
1447 790 1565 831 esset,
1597 780 1800 823 obtineret
1827 781 1918 821 haec

225 859 458 915 Propositio
488 855 698 899 accurate:
729 869 805 909 per
836 854 962 908 Prop.
991 853 1212 895 LXXIII.
1245 853 1339 894 Lib.
1373 853 1408 894 Ι.
1469 853 1597 894 Error
1627 852 1752 909 igitur
1781 858 1918 892 tantus

224 939 295 981 est,
317 937 492 986 quantus
511 928 563 968 ab
583 924 818 982 inaequabili
837 925 1037 965 densitate
1061 924 1159 965 oriri
1178 924 1322 978 possit.

580 1108 954 1152 PROPOSITIO
990 1107 1049 1150 X·
1111 1107 1470 1150 THEOREMA
1500 1107 1558 1150 X.

447 1235 586 1278 Motus
606 1238 863 1290 planetarum
892 1237 937 1276 in
956 1236 1063 1278 coelis
1083 1233 1300 1278 diutissime
1318 1238 1543 1278 conservari
1559 1251 1688 1290 posse.

277 1372 330 1414 In
357 1371 514 1414 scholio
537 1371 836 1427 Propositionis
857 1371 956 1412 XL.
981 1371 1076 1413 Lib.
1099 1371 1158 1413 ΙΙ.
1180 1380 1387 1414 ostensum
1407 1380 1469 1414 est
1487 1374 1599 1429 quod
1622 1374 1769 1430 globus
1798 1389 1917 1430 aquae

220 1444 458 1501 congelatae,
493 1444 537 1485 in
568 1446 662 1485 a‘e're
691 1451 834 1485 nostro
853 1442 981 1485 libere
1001 1443 1207 1485 movendo
1226 1453 1268 1485 et
1286 1443 1589 1500 longitudinem
1610 1445 1919 1486 semi-diametri

220 1524 305 1557 suae
337 1515 620 1566 describendo,
655 1530 708 1557 ex
738 1514 965 1557 resistentia
995 1515 1100 1556 aeris
1130 1516 1333 1558 amitteret
1359 1515 1496 1557 motus
1523 1516 1586 1557 sui
1613 1525 1772 1571 partem
1798 1517 1916 1573 33¹8&

222 1587 397 1630 obtinet
410 1594 550 1628 autem
565 1586 709 1628 eadem
728 1587 942 1642 proportio
963 1602 1083 1642 quam
1105 1587 1293 1641 proxime
1313 1588 1355 1628 in
1375 1588 1508 1645 globis
1529 1597 1738 1645 utcunque
1756 1590 1919 1646 magnis

219 1669 261 1702 et
274 1658 498 1701 velocibus.
519 1659 612 1702 Jam
628 1674 727 1701 vero
741 1659 913 1715 globum
929 1658 1074 1700 Terrae
1088 1666 1241 1700 nostrae
1257 1659 1489 1701 densiorem
1505 1675 1606 1710 esse,
1622 1658 1744 1716 quam
1761 1660 1795 1701 si
1807 1668 1917 1701 totus

219 1743 271 1773 ex
291 1729 395 1786 aquei
421 1738 637 1780 constaret,
670 1728 729 1771 sic
758 1730 919 1786 colligo.
983 1730 1027 1772 Si
1046 1729 1193 1787 globus
1213 1731 1330 1773 hicce
1350 1739 1460 1773 totus
1480 1740 1586 1772 esset
1606 1746 1775 1787 aqueus,
1802 1746 1918 1787 quae-

218 1815 378 1857 cunque
416 1802 573 1842 rariora
604 1809 740 1842 essent
771 1799 894 1856 quam
925 1816 1044 1857 aqua,
1079 1801 1134 1842 ob
1167 1802 1371 1844 minorem
1405 1803 1639 1857 specificam
1672 1803 1916 1860 gravitatem

217 1881 480 1931 emergerent
490 1881 530 1914 et
545 1880 868 1928 supernatarent.
900 1872 1044 1929 anue
1060 1873 1112 1914 de
1129 1873 1250 1915 causa
1263 1874 1410 1931 globus
1425 1882 1582 1915 terreus
1598 1874 1715 1929 aquis
1734 1867 1917 1930 undique

218 1951 449 1997 coopertus,
481 1943 516 1984 si
544 1943 675 1984 rarior
704 1950 810 1983 esset
839 1941 963 1998 quam
993 1957 1112 2000 aqua,
1144 1951 1374 2000 emergeret
1400 1943 1564 1993 alicubi,
1596 1951 1638 1984 et
1657 1958 1765 1999 aqua
1783 1942 1917 1985 omnis

218 2014 315 2055 inde
335 2014 520 2055 defluens
541 2023 862 2071 congregaretur
881 2014 925 2055 in
944 2016 1112 2073 regione
1131 2015 1333 2071 opposita.
1395 2016 1451 2057 Et
1469 2031 1546 2071 par
1565 2027 1625 2058 est
1644 2017 1750 2058 ratio
1770 2015 1928 2069 Terrae*

218 2092 369 2129 nostrae
398 2080 580 2125 maribus
601 2084 755 2144 magna
773 2100 828 2128 ex
847 2094 965 2142 parte
984 2086 1260 2128 circumdatae.
1323 2087 1433 2128 Haec
1453 2087 1488 2128 si
1507 2087 1673 2128 densior
1691 2101 1776 2128 non
1795 2095 1914 2138 esset,

219 2164 447 2214 emergeret
477 2172 530 2199 ex
558 2157 756 2208 maribus,
787 2165 829 2200 et
857 2164 973 2212 parte
1003 2157 1066 2198 sui
1094 2172 1171 2213 pro
1197 2153 1330 2214 gradu
1350 2157 1524 2199 levitatis
1544 2165 1702 2200 extaret
1722 2173 1775 2200 ex
1793 2157 1916 2214 aquit,

218 2231 399 2272 maribus
421 2231 610 2272 omnibus
630 2231 674 2271 in
694 2231 906 2288 regionem
928 2231 1159 2286 oppositam
1179 2231 1489 2273 confluentibus.

277 2300 438 2342 Eodem
470 2309 714 2359 argumento
754 2302 805 2356 (P)
838 2301 1010 2343 maculae
1050 2302 1202 2343 solares
1241 2302 1413 2343 leviores
1453 2309 1547 2342 sunt
1582 2299 1706 2357 quam
1742 2299 1915 2342 materia

218 2371 354 2413 lucida
373 2371 514 2414 solaris
535 2373 602 2413 cui
622 2381 900 2428 supernatant.
965 2372 1022 2414 Et
1040 2372 1084 2413 in
1102 2371 1345 2414 formatione
1365 2371 1638 2428 qualicunque
1656 2371 1915 2426 planetarum

1349 2441 1353 2460 l

261 2504 308 2547 (Ρ)
337 2510 387 2537 69.
420 2507 562 2538 Maeculae
589 2509 704 2538 solares.
767 2506 799 2537 Si
829 2506 906 2536 radii
935 2506 1047 2536 solares
1088 2505 1268 2558 discumque
1285 2504 1365 2536 Solis
1378 2511 1517 2546 tangens,
1533 2505 1663 2536 maculae
1677 2505 1807 2540 orbitam
1822 2510 1915 2542 seut.

219 2546 382 2587 telescopio
410 2547 530 2579 duobus
559 2549 642 2580 vitris
669 2549 818 2579 instructo
845 2547 1044 2587 excipiantur,
1088 2553 1119 2578 et
1143 2547 1235 2579 ducta
1259 2548 1288 2579 T
1306 2548 1336 2579 G
1354 2548 1380 2580 C
1408 2548 1512 2579 Solem
1533 2558 1655 2588 quoque
1678 2554 1834 2588 tangente,
1859 2557 1916 2587 pa·

219 2588 365 2630 locusque
379 2590 611 2630 circumpositus
625 2592 809 2625 obscuretur,
832 2591 950 2620 inversa
967 2590 1046 2621 Solis
1090 2590 1169 2621 Solis
1187 2590 1378 2630 superficiem
1399 2589 1613 2621 tantummodo
1632 2590 1773 2629 progredi
1796 2588 1914 2621 videre-

219 2630 323 2671 imago
337 2631 429 2671 supra
443 2634 578 2664 chartam
592 2630 630 2664 ad
650 2643 740 2664 axem
755 2632 907 2671 telescopii
923 2642 1045 2663 norma-
1087 2638 1148 2669 tur,
1170 2631 1309 2673 quandiu
1324 2632 1504 2663 describeret
1522 2642 1627 2662 arcum
1652 2633 1682 2663 E
1698 2633 1729 2663 G
1746 2631 1801 2673 qui
1821 2631 1913 2662 semi-

220 2672 282 2702 lem
314 2674 460 2715 pingitur,
490 2681 522 2706 et
549 2675 678 2707 maculae
706 2674 944 2714 conspiciuntur,
975 2684 1045 2716 quae
1087 2673 1257 2714 peripheria
1271 2675 1371 2705 minor
1385 2680 1439 2711 est,
1456 2672 1587 2714 ideoque
1601 2685 1690 2705 arcus
1708 2674 1762 2706 ille
1775 2680 1912 2712 tempooe

222 2723 304 2744 nunc
329 2726 492 2757 emergere,
522 2728 607 2748 nunc
635 2727 811 2749 evanescere
839 2719 1046 2747 observantur.
1087 2717 1169 2757 quod
1181 2716 1396 2756 semi-periodo
1406 2716 1510 2747 minus
1520 2723 1572 2750 est,
1590 2722 1822 2755 percurret-etur.
1850 2714 1912 2746 Sed

223 2755 365 2787 Maculas
383 2758 450 2789 illas
470 2760 501 2790 in
521 2759 649 2791 materie
673 2757 763 2790 solari
783 2764 977 2797 supernatare
998 2757 1047 2789 vel
1089 2769 1126 2789 ex
1141 2759 1399 2790 observationibus
1414 2766 1522 2789 nomm
1538 2765 1583 2789 est
1596 2759 1791 2799 quamplures
1804 2767 1911 2788 macu-

222 2797 329 2828 saltem
347 2799 410 2830 Soli
425 2802 518 2841 quam
533 2802 686 2841 proximas
699 2812 763 2832 esse
778 2805 894 2831 certum
910 2806 964 2831 est.
1086 2801 1131 2832 las
1146 2800 1222 2831 duas
1242 2807 1295 2831 aut
1309 2807 1369 2830 tres
1387 2802 1519 2840 integras
1541 2801 1680 2839 periodos
1693 2799 1853 2831 absolvisse
1868 2803 1908 2830 27

268 2839 313 2870 Sit
326 2841 409 2872 enim
427 2843 479 2873 Sol
494 2844 525 2873 in
543 2845 573 2882 S,
589 2855 626 2875 ex
640 2843 766 2874 Tellure
782 2843 810 2874 T
825 2844 906 2873 visus
920 2843 976 2873 sub
991 2852 1045 2873 an·
1088 2842 1208 2873 dierum
1233 2842 1330 2881 spatio
1353 2841 1443 2882 atque
1472 2842 1533 2884 13}
1556 2843 1620 2873 dies
1637 2841 1819 2882 impendisse
1838 2846 1875 2872 ut
1892 2851 1914 2872 n

223 2881 300 2954 {310
324 2882 356 2912 D
374 2884 402 2915 T
420 2885 445 2915 C
463 2885 519 2915 32'.
569 2887 601 2917 Si
622 2886 744 2916 macula
766 2886 893 2916 orbitam
913 2885 1047 2925 aliquam
1088 2885 1183 2915 limbo
1205 2884 1384 2915 occidentali
1413 2885 1490 2915 Solis
1515 2885 1553 2915 ad
1580 2884 1708 2915 limbum
1732 2882 1913 2914 orientalem

281 2923 310 2955 E
329 2924 359 2955 G
378 2924 411 2956 H
435 2926 519 2956 extra
544 2928 621 2958 Solis
643 2926 833 2967 superficiem
855 2927 1044 2963 describeret,
1089 2926 1298 2966 pervenirent;
1336 2926 1458 2956 illarum
1488 2925 1562 2967 erg&
1590 2924 1779 2956 macularum
1806 2926 1913 2956 orbito

224 2975 288 2996 non
303 2965 455 2998 videretur
472 2969 549 2998 Solis
563 2969 681 3000 discum
697 2969 816 3011 ingredi
831 2975 993 3009 antequam
1007 2968 1048 2998 ad
1089 2968 1138 2998 vel
1159 2969 1191 2997 in
1212 2967 1278 3007 ipsfi
1297 2968 1457 3006 superficie
1475 2969 1567 3000 solari*
1587 2968 1760 3006 extiterunt,
1784 2967 1833 2999 vel
1849 2966 1914 2999 Soli

228 3007 258 3039 E
282 3010 466 3049 pervenisset
485 3011 537 3042 ubi
555 3017 636 3042 recta
652 3012 681 3042 T
698 3012 728 3043 E
746 3012 778 3042 D
795 3021 830 3042 ex
848 3011 943 3042 Terra
957 3011 1049 3042 ducta
1089 3010 1217 3042 fuerunt
1230 3010 1386 3051 proximae.
