2092 3470
530 226 788 274 FLUXUS
815 229 898 273 AC
931 227 1268 274 REFLUXUS
1296 227 1507 271 MARIS.
1786 231 1868 270 265

662 351 687 386 3
711 345 742 387 S
761 358 791 385 x
809 359 839 400 y

167 373 220 418 M
235 375 275 417 R
296 374 510 432 urgebitur
528 375 569 416 vi
589 394 636 410 =
721 426 741 436 „
763 410 781 436 ὅ
821 430 824 431 ⁷
841 405 852 415 .
913 373 1105 416 Gravitas
1123 372 1251 429 igitur
1269 371 1448 414 maxime
1469 365 1701 429 augebitur,
1719 371 1755 413 si
1772 387 1870 427 par-

161 484 288 526 ticula
311 484 364 527 M
382 484 515 539 posita
530 484 654 525 suerit
672 485 716 524 in
736 483 781 525 D
802 483 867 525 vel
890 484 942 535 E,
964 483 1112 540 quibus
1131 483 1174 524 in
1194 481 1295 524 locis
1314 491 1516 537 punctum
1537 484 1568 525 S
1588 483 1633 524 in
1653 482 1869 529 horizonte

386 587 394 595 .
430 587 439 595 .
539 586 551 600 ,
681 588 691 596 .
756 588 765 596 .
1139 587 1149 595 .
1278 556 1311 597 S
1609 588 1619 596 .

162 595 356 643 apparet3
383 587 443 628 1b1
461 602 560 628 vero
577 596 787 644 grav1tat1s
806 596 1073 645 augmentum
1092 595 1170 628 ent
1195 606 1240 621 =
1266 615 1320 622 —-
1397 586 1451 627 In
1478 595 1641 641 punctis
1669 596 1806 630 autem
1826 588 1868 630 A

1262 639 1289 665 a
1306 616 1336 647 3‘

161 705 204 739 et
224 697 275 748 B,
296 713 392 754 quae
408 705 610 753 punctum
631 698 662 740 S
682 698 750 740 vel
776 698 820 739 in
841 713 918 739 suo
935 696 1073 740 zenith
1093 696 1158 739 vel
1185 695 1307 737 nadir
1333 695 1516 754 positum
1535 695 1702 747 habent,
1734 697 1867 738 maxi-

162 814 278 841 mum
296 799 631 863 deprehendetur
650 799 860 856 gravitatis
880 800 1201 851 decrementum,
1217 797 1331 854 quod
1351 798 1506 840 scilicet
1526 799 1603 841 erit
1620 820 1667 835 =
1689 770 1763 879 ἒξ
1774 815 1786 849 3
1810 801 1869 841 ita

160 917 208 952 ut
225 910 454 954 maximum
472 909 684 967 gravitatis
704 909 1026 960 decrementum,
1042 907 1172 964 duplo
1191 910 1324 964 majus
1345 908 1398 950 sit
1412 906 1537 964 quam
1555 908 1784 950 maximum
1803 909 1867 950 in-

1024 986 1048 1022 3
1073 981 1200 1088 ξιξ-Σ
1230 1010 1411 1051 maxima
1440 1010 1597 1060 evadet,
1629 1011 1664 1051 si
1692 1010 1867 1068 angulus

157 1121 200 1162 A
221 1120 258 1162 C
279 1119 333 1163 M
361 1119 491 1162 fuerit·
513 1120 785 1170 semi-rectus,
816 1119 862 1161 id
890 1119 1004 1183 quod
1031 1119 1181 1163 accidit
1210 1120 1255 1160 in
1288 1120 1338 1161 iis
1368 1119 1410 1161 Τ
1411 1134 1515 1160 errae
1538 1119 1789 1176 regionibus,
1823 1120 1867 1161 in

158 1193 308 1250 quibus
327 1201 530 1248 punctum
559 1193 589 1235 S
616 1193 867 1248 conspicitur
894 1192 960 1234 vel
991 1198 1077 1234 45⁰.
1097 1192 1294 1248 gradibus
1317 1206 1443 1247 supra
1460 1191 1717 1233 horizontem
1736 1192 1867 1233 eleva—

155 1272 258 1316 tum,
278 1264 345 1307 vel
364 1264 608 1306 tantundem
628 1263 706 1305 sub
727 1263 942 1304 horizonte
962 1262 1207 1318 depressum
1234 1262 1359 1304 latet:
1390 1262 1456 1303 his
1485 1262 1611 1319 igitur
1630 1263 1792 1304 casibus
1812 1263 1867 1304 ob

937 1342 962 1377 3
985 1336 1016 1378 S

445 1448 453 1455 N
922 1408 948 1443 2
969 1418 995 1445 a
1012 1396 1042 1424 a*

158 1476 367 1528 consistet,
389 1484 437 1518 ut
455 1476 627 1518 directio
645 1475 856 1534 gravitatis
874 1483 1069 1525 mutetur,
1091 1482 1215 1530 atque
1233 1472 1376 1515 versus
1396 1482 1551 1515 rectam
1577 1474 1608 1516 S
1630 1473 1666 1515 C
1695 1474 1866 1516 incline-

158 1018 424 1052 crementum.
485 1011 560 1052 Vis
579 1018 718 1052 autem
738 1010 1003 1052 horizontalis

1103 1364 1245 1421 Hujus
1277 1379 1378 1422 ergo
1410 1365 1471 1406 vis
1505 1364 1674 1406 effectus
1707 1366 1752 1406 in
1785 1365 1867 1408 hoc

156 1381 188 1408 x
206 1383 236 1424 y
258 1387 304 1403 =
329 1370 357 1421 ᾖ
379 1367 454 1409 'fiet
472 1367 532 1409 vis
560 1365 826 1409 horizontalis
849 1386 895 1402 =

154 1585 223 1619 tur
241 1576 397 1634 angulo
416 1578 532 1634 cujus
551 1586 724 1634 tangens
742 1585 805 1619 est
823 1597 869 1617 τε
884 1547 1015 1654 {gs-3,
1037 1576 1240 1618 existente
1260 1575 1352 1617 sinu
1371 1583 1460 1617 toto
1485 1595 1531 1610 =
1553 1581 1591 1626 l,
1614 1576 1711 1631 quia
1727 1577 1866 1633 gravi-

154 1694 282 1729 tatem
301 1687 458 1729 unitate
477 1687 753 1744 designamus.

209 1762 332 1813 §.73st
379 1757 465 1801 Hae
492 1759 630 1817 itaque
658 1758 765 1800 vires
794 1758 830 1799 si
859 1757 956 1799 satis
985 1764 1122 1799 essent
1149 1769 1325 1812 magnae,
1356 1754 1400 1795 in
1428 1756 1684 1810 ponderibus
1718 1759 1862 1817 utique

151 1828 295 1870 sentiri
324 1827 534 1883 deberent,
565 1842 613 1869 ac
642 1827 757 1883 prior
785 1826 953 1884 quidem
981 1826 1223 1883 gravitatem
1252 1824 1482 1866 naturalem
1513 1826 1579 1867 vel
1613 1843 1769 1884 augens
1797 1829 1863 1870 vel

154 1899 389 1940 diminuens
422 1898 466 1938 in
505 1897 827 1939 oscillationibus
867 1896 1145 1952 pendulorum
1184 1894 1455 1937 animadverti
1489 1896 1672 1948 deberet,
1714 1914 1860 1942 eorum

148 1978 314 2012 motum
343 1969 410 2012 vel
438 1969 706 2011 accelerando
734 1969 800 2010 vel
828 1967 1100 2017 retardand03
1129 1967 1334 2022 posterior
1354 1966 1454 2008 vero
1474 1968 1534 2009 vis
1556 1969 1680 2010 situm
1699 1972 1862 2026 pendu-

147 2043 285 2086 lorum
314 2043 611 2100 quiescentium
640 2041 879 2083 verticalem
906 2040 959 2082 de
986 2039 1069 2081 hoc
1098 2040 1179 2080 situ
1208 2038 1458 2089 deflecteret,
1499 2047 1623 2095 atque
1659 2041 1713 2082 ad
1746 2043 1860 2084 hori-

147 2124 312 2158 zontem
334 2117 575 2159 inclinatum
606 2114 797 2157 efficeret.
858 2112 1070 2163 Quoniam
1096 2119 1234 2153 autem
1259 2106 1497 2167 hujusmodi
1524 2114 1859 2169 perturbationes

146 2202 232 2229 non
267 2189 549 2238 observamus,
581 2201 720 2242 operae
750 2186 931 2241 pretium
957 2185 1036 2226 erit
1061 2182 1240 2225 dilucide
1268 2194 1497 2227 monstrare
1522 2189 1629 2231 vires
1659 2191 1748 2233 illas
1772 2201 1858 2234 tam

145 2275 235 2302 esse
265 2261 448 2318 exiguas,
480 2268 527 2302 ut
554 2259 600 2303 hi
631 2259 799 2302 effectus
830 2272 974 2303 sensus
1004 2265 1169 2302 nostros
1195 2260 1366 2302 omnino
1395 2262 1604 2319 effugiant.
1666 2263 1855 2305 Primum

144 2362 271 2420 igitur
309 2360 406 2405 cum
443 2377 522 2418 pro
564 2362 661 2406 Sole
701 2363 754 2404 sit
794 2363 826 2405 S
860 2383 906 2399 =
947 2360 1117 2408 227512
1146 2371 1270 2419 atque
1298 2378 1323 2405 a
1355 2382 1402 2398 =
1434 2368 1590 2415 20620,
1611 2364 1687 2406 erit
1703 2335 1770 2444 ,ἐξ
1802 2387 1848 2402 =

146 2477 427 2584 3853257013
466 2518 545 2558 pro
584 2502 707 2546 Luna
742 2511 879 2545 autem
911 2504 1009 2560 quia
1039 2510 1101 2545 est
1131 2504 1162 2546 S
1187 2522 1234 2539 =
1257 2477 1313 2583 {15
1344 2510 1387 2544 et
1416 2518 1443 2544 a
1482 2523 1527 2538 =
1572 2510 1641 2553 60,
1680 2504 1758 2546 erit
1791 2534 1856 2584 {³

148 2656 195 2672 =
222 2617 443 2721 864,ἑοοοῖ
476 2653 529 2680 ex
559 2654 642 2695 ‘1¹1⁰
669 2638 730 2680 Vis
763 2639 899 2681 Lunae
932 2639 1027 2695 plus
1059 2637 1183 2695 quam
1222 2646 1367 2694 quater
1398 2638 1530 2694 major
1561 2646 1623 2679 est
1651 2639 1695 2679 vi
1728 2640 1851 2693 Solis,

145 2749 305 2792 caeteris
330 2749 522 2805 paribus3
555 2760 678 2809 atque
709 2752 743 2793 si
776 2752 884 2795 Solis
911 2760 952 2794 et
979 2751 1113 2794 Lunae
1142 2750 1249 2792 vires
1282 2750 1452 2805 prorsus
1487 2750 1738 2806 conspirent,
1774 2754 1853 2797 erit

143 2862 198 2889 ex
239 2848 289 2890 iis
334 2849 585 2906 conjunctim
630 2827 705 2916 -ξ-
738 2872 785 2888 =
908 2832 926 2867 l
1043 2867 1116 2894 seu
1138 2850 1329 2906 proxime
1358 2872 1404 2887 =
1523 2832 1540 2866 1
1731 2854 1850 2898 Hinc

641 2907 667 2932 a
821 2899 1020 2940 7057700
1434 2883 1646 2937 7000000‘

143 2993 324 3042 maxima
352 2995 564 3053 gravitatis
585 2995 815 3051 diminutio,
847 3014 942 3056 quae
963 2999 1131 3056 quidem
1150 2998 1250 3040 oriri
1269 2999 1433 3054 poterit,
1455 2999 1533 3041 erit
1558 3020 1604 3035 =
1631 2978 1844 3082 {50360‘0'
