2092 3470
607 614 987 665 EDITORIS
1031 613 1446 666 MONITUM.

185 825 540 889 Iummxmus
572 847 773 904 quosdam
806 846 988 904 maligne
1022 845 1284 902 interpretari
1322 843 1484 886 notulas
1524 858 1625 900 quas
1665 843 1887 900 adjecimus

188 917 507 959 Commentariis
537 918 575 959 P
595 918 644 959 P.
667 918 731 959 Le
763 918 868 960 Seur
886 926 928 959 et
946 917 1156 973 Jacquier,
1188 916 1306 973 quasi
1325 916 1475 971 saepius
1496 914 1688 959 Newtoni
1707 923 1889 957 mentem

183 1004 270 1030 non
299 989 552 1046 attigissfflit3
580 1004 634 1030 ne
660 996 798 1032 autem
817 989 917 1044 ipsis
937 989 1038 1033 vitio
1057 996 1242 1030 vertatur
1261 987 1374 1044 quod
1393 994 1684 1028 concesserunt
1702 987 1757 1028 ob
1775 987 1888 1042 ipso-

183 1076 277 1102 rum
308 1061 536 1102 absentiam
567 1061 621 1103 ab
653 1061 756 1103 urbe
787 1062 832 1102 in
863 1060 943 1117 quii
977 1061 1083 1103 liber
1117 1061 1329 1111 edebatur,
1362 1067 1410 1101 ut
1436 1074 1586 1115 nempe
1615 1075 1888 1116 quaecumque

182 1131 421 1172 viderentur
450 1131 708 1188 corrigenda,
741 1132 795 1173 ab
815 1131 989 1173 Editore
1007 1132 1100 1187 ipso
1117 1138 1390 1181 mutarentur,
1413 1131 1498 1172 sive
1516 1130 1623 1172 levia
1643 1130 1727 1172 sive
1746 1131 1889 1188 gravia

181 1201 329 1251 forent,
351 1201 605 1242 monendum
623 1210 741 1257 puto,
771 1217 839 1243 me
860 1202 1069 1244 Autorum
1088 1201 1353 1259 deligentium
1372 1209 1414 1243 et
1433 1202 1666 1243 doctrinam
1684 1217 1889 1259 nusquam

183 1273 450 1324 desiderasse,
483 1274 758 1316 correctiones
788 1290 889 1331 quas
909 1274 988 1316 feci
1005 1275 1201 1316 levissimi
1221 1290 1310 1316 esse
1334 1275 1548 1326 momenti,
1580 1290 1658 1317 nec
1678 1290 1768 1317 esse
1786 1274 1888 1317 tales

181 1351 230 1385 ut
255 1352 426 1399 propter
452 1344 562 1399 ipsas
583 1345 810 1401 quidquam
829 1360 883 1386 ex
903 1345 1040 1389 debita
1062 1346 1296 1388 Autoribus
1311 1346 1442 1403 gloria
1464 1346 1632 1388 tollatur
1652 1346 1766 1402 quod
1783 1361 1889 1388 meae

183 1416 331 1478 opeilae
364 1416 583 1467 tribuatur,
620 1425 661 1459 et
695 1418 890 1459 asterisco
923 1425 1086 1460 notatas
1117 1417 1254 1468 fuisse,
1289 1433 1376 1475 non
1415 1418 1528 1474 quod
1561 1418 1718 1474 aliquid
1754 1418 1888 1460 laudis

183 1491 334 1532 exinde
364 1492 626 1546 speraverim,
659 1483 732 1533 sed
751 1492 848 1548 quia
867 1492 902 1533 si
920 1492 1005 1534 fllic
1025 1492 1182 1548 aliquid
1206 1492 1294 1533 vitii
1318 1492 1543 1547 irrepserit,
1575 1507 1741 1548 aequum
1763 1500 1825 1534 est
1842 1500 1890 1534 ut

175 1554 228 1604 'in
250 1563 479 1614 Editorem‚
512 1578 598 1605 non
616 1564 661 1605 in
681 1564 863 1605 Autores
884 1579 933 1605 ea
953 1564 1076 1619 culpa
1096 1563 1391 1613 transferatur;
1421 1579 1474 1605 ne
1504 1564 1705 1605 similibus
1725 1563 1889 1605 cavilla,-

182 1633 363 1675 tionibus
383 1633 545 1675 occasio
563 1634 608 1674 in
625 1642 838 1690 posterum
865 1634 999 1684 detur,
1020 1633 1122 1676 tales
1143 1634 1419 1675 distinctionis
1438 1634 1593 1675 notulae
1613 1649 1699 1675 non
1719 1634 1890 1676 adhibe-

183 1704 340 1746 buntur
359 1705 404 1745 in
423 1705 602 1761 secunda
621 1705 746 1761 hujus
761 1704 997 1746 Voluminis
1015 1712 1148 1760 parte,
1167 1704 1214 1746 in
1229 1704 1311 1761 qua
1334 1719 1545 1760 speramus
1566 1704 1743 1745 calculos
1760 1704 1890 1746 NEw-

183 1792 406 1820 'roNIANOS
435 1778 545 1820 circa
579 1778 747 1821 Lunam
778 1778 1041 1835 potissimum
1069 1777 1169 1821 satis
1197 1778 1424 1829 intricatos,
1464 1777 1723 1834 infapertam
1754 1777 1889 1820 lucem

185 1848 422 1907 exPositum
440 1848 504 1893 iri.

1023 2413 1094 2444 ²A⁴
