2092 3470
575 222 659 267 ET
690 222 949 266 REFLUX
981 222 1069 265 DE
1104 222 1187 265 LA
1218 225 1368 267 MER.
1747 228 1832 269 207

122 336 261 398 paroit
291 339 446 397 exiger.
506 338 626 380 Nous
655 351 845 393 pouvons
874 337 986 379 donc
1014 336 1103 379 &tre
1131 336 1360 380 tout-A-fait
1379 338 1470 381 sfirs
1491 339 1544 382 de
1561 339 1719 382 n’avoir
1742 337 1835 380 rien

119 414 252 455 admis
281 410 515 454 d’essentiel
542 409 648 451 dans
676 417 813 452 toutes
841 424 920 452 nos
947 408 1206 461 recherches,
1238 410 1310 466 qui
1338 425 1392 452 ne
1421 412 1502 454 soit
1529 412 1747 455 au-dessus
1778 410 1833 453 de

116 494 233 528 toute
254 484 540 527 contestation.

178 557 323 607 Quant
341 555 367 596 εὶ
394 555 675 611 l’application
694 554 748 597 de
766 569 844 597 nos
862 554 1087 611 principes,
1108 553 1136 596 εὶ
1160 553 1318 611 l'usage
1338 568 1419 610 que
1442 554 1530 609 j⁹en
1549 555 1590 595 ai
1609 554 1694 606 fait,
1717 562 1760 596 et
1779 570 1834 598 au

115 630 256 673 succes
275 630 328 671 de
347 644 448 671 mon
466 629 626 680 travail,
658 644 706 671 ce
724 630 830 671 n'est
857 643 933 684 pas
953 628 979 669 ἃ
996 628 1082 670 moi
1101 626 1127 670 εὶ
1144 627 1246 670 faire
1266 635 1333 670 cet
1352 641 1543 678 examen,
1575 636 1758 670 sur-tout
1775 643 1833 670 ne

114 712 299 762 pouvant
316 704 356 746 le
375 703 489 754 faire,
512 718 606 745 sans
627 711 766 745 entrer
785 703 889 746 dans
908 718 968 745 un
981 685 1138 745 certain
1156 701 1353 758 parallele
1372 715 1472 743 avec
1493 716 1550 742 un
1570 702 1679 743 aussi
1699 701 1835 758 grand

114 780 284 822 homme
304 779 475 836 qu'etoit
496 778 561 820 M.
582 778 776 820 Newton.
840 778 886 820 Si
900 777 973 834 j’ai
992 792 1045 819 eu
1065 776 1262 833 quelques
1283 774 1438 826 succeS‚
1462 776 1507 831 je
1526 774 1617 816 dois
1637 790 1790 816 avouer
1809 773 1836 816 εὶ

112 852 332 895 l'honneur
360 851 414 893 de
443 865 491 892 ce
519 855 690 908 scavant
716 849 976 906 philosophe,
1007 864 1089 905 que
1110 849 1209 890 c’est
1227 848 1288 890 lui
1310 848 1383 905 qui
1402 862 1509 889 nous
1530 862 1556 888 a
1574 846 1652 888 mis
1673 862 1726 888 en
1748 846 1835 889 etat

114 924 168 966 de
187 923 402 965 raisonner
431 921 676 963 solidement
705 935 777 962 sur
797 935 864 962 ces
885 927 1016 962 sortes
1036 919 1090 961 de
1109 920 1327 969 matieres;
1357 926 1400 961 et
1429 918 1465 960 si
1486 918 1593 974 j'ose
1612 932 1680 959 me
1698 917 1835 959 flatter

115 994 169 1036 de
189 993 366 1050 quelque
385 991 546 1042 merite,
580 993 680 1033 c’est
698 990 806 1033 celui
825 990 984 1032 d’avoir
1003 991 1124 1032 traite
1144 998 1266 1032 notre
1286 990 1392 1046 sujet
1411 1004 1510 1031 avec
1529 1003 1612 1030 une
1631 988 1835 1030 attention

114 1073 157 1107 et
175 1079 259 1106 une
278 1062 514 1105 exactitude
534 1062 748 1113 conforme
768 1077 853 1104 aux
870 1062 1030 1120 grande
1049 1060 1148 1104 vfie's
1167 1061 1220 1103 de
1239 1061 1508 1112 l'Academie,
1539 1068 1582 1102 et
1599 1075 1653 1102 au
1672 1068 1835 1116 respect

115 1139 242 1195 qu’on
261 1137 351 1180 doit
368 1135 395 1178 εὶ
413 1143 480 1180 cet
499 1136 659 1179 illustre
678 1151 813 1192 corps.
