2092 3470
684 199 771 244 ET
799 199 1138 244 REFLUXUS
1169 200 1382 244 MARIS.
1790 208 1883 253 ‘211

862 364 1106 414 SECTIO
1141 365 1210 413 ΙΙ.

869 496 1203 540 PRINCIPIA.

178 618 184 621 ’
236 618 529 661 Phaenomenis
550 628 674 660 aestus
694 618 819 660 maris
838 619 1132 678 insignioribus
1151 620 1332 662 breviter
1351 618 1576 670 recensitis,
1598 621 1888 677 progredimur

175 686 232 729 ad
260 691 475 746 principia,
506 691 618 732 unde
637 691 790 733 horum
809 692 915 733 ratio
934 700 997 733 est
1014 692 1241 734 reddenda.
1302 693 1450 735 Liceat
1468 700 1608 734 tamen
1628 693 1794 748 praefari
1812 709 1888 735 no-

176 763 418 804 bilissimam
438 763 619 819 quidem,
642 764 714 805 sed
734 764 855 805 simul
875 764 1158 807 difficillimam
1178 781 1269 807 esse
1288 765 1398 808 hanc
1416 765 1694 821 philosophiae
1711 775 1886 822 partem,

177 850 271 890 quae
289 834 662 890 phaenomenorum
683 851 825 877 causas
845 837 1065 894 investigat
1083 846 1125 880 et
1151 839 1344 893 explicat.
1405 839 1470 880 Ea
1489 847 1551 881 est
1570 847 1731 880 naturae
1761 840 1889 881 subti-

175 907 281 958 litas,
304 916 350 949 ut
368 922 456 948 non
472 908 524 949 sit
539 908 689 949 mirum
705 923 848 950 causas
867 908 1098 963 primarias,
1116 910 1324 952 solertiam
1344 910 1689 966 philosophorum
1707 911 1890 966 plerum-

177 994 258 1035 que
289 978 484 1035 effugere.
547 979 635 1027 Qui
665 979 850 1020 omnium
883 979 1258 1035 phaenomenorum
1292 982 1486 1032 rationes,
1522 997 1747 1038 exponere,
1783 983 1888 1024 inte-

175 1065 378 1108 gramque
412 1064 629 1091 causarum
661 1051 810 1093 seriem
842 1051 963 1095 nobis
998 1052 1197 1095 exhibere
1226 1053 1270 1094 in
1300 1068 1344 1096 se
1375 1063 1660 1110 susceperunt,
1696 1055 1757 1097 illi
1780 1055 1889 1097 certe

175 1123 337 1179 magnis
357 1123 441 1164 suis
462 1123 572 1164 ausis
598 1122 814 1179 hucusque
833 1123 1090 1166 exciderunt.
1152 1125 1465 1179 Philosophiam
1485 1126 1655 1181 quidem
1678 1126 1890 1181 perfectis-

177 1195 322 1236 simam
342 1195 421 1236 viri
449 1195 665 1236 clarissimi
694 1195 772 1237 sibi
800 1204 1110 1251 proposuerunt
1129 1196 1436 1246 exstruendam,
1459 1197 1624 1252 qualem
1642 1205 1784 1238 tamen
1811 1197 1891 1239 hu-

174 1282 311 1308 manae
331 1268 432 1309 sorti
453 1276 689 1322 competere
707 1267 768 1308 fas
788 1275 851 1309 est
870 1268 1072 1310 dubitare.
1134 1268 1312 1309 Praestat
1330 1268 1458 1324 igitur
1476 1276 1687 1309 tantorum
1706 1269 1890 1310 virorum

179 1354 372 1380 successu
390 1336 528 1379 minus
548 1337 657 1378 felici
687 1338 869 1390 edoctos,
900 1339 1030 1394 ipsius
1049 1347 1211 1381 naturae
1230 1339 1402 1396 vestigia
1421 1338 1540 1385 caute
1560 1348 1602 1381 et
1628 1339 1739 1382 lente
1760 1341 1890 1396 sequi.

177 1409 308 1460 Quod
339 1409 374 1450 si
402 1409 679 1464 phaenomena
697 1409 751 1450 ad
770 1410 980 1466 generalia
999 1409 1192 1466 quaedam
1217 1410 1422 1465 principia
1441 1396 1639 1451 reducere
1667 1411 1887 1466 possimus,

174 1480 410 1536 horumque
437 1480 546 1520 vires
574 1479 733 1521 calculo
762 1480 977 1536 subjicere,
1007 1480 1123 1522 hisce
1149 1480 1348 1538 gradibus
1368 1480 1549 1536 aliquam
1567 1494 1678 1522 verae
1706 1481 1891 1535 philoso—

175 1553 287 1608 phiae
321 1560 483 1608 partem
516 1567 806 1608 assequemur3
842 1567 936 1608 quae
970 1553 1138 1609 quidem
1166 1567 1316 1594 manca
1348 1567 1422 1594 seu
1455 1551 1698 1607 imperfecta
1731 1553 1822 1603 erit,
1856 1554 1891 1595 si

104 1662 106 1664 ,
176 1627 361 1681 ipsorum
390 1625 693 1680 principiorum
723 1639 858 1666 causae
886 1624 1066 1675 lateant3
1106 1632 1221 1666 tanta
1249 1632 1389 1666 tamen
1418 1623 1526 1665 inest
1553 1637 1695 1664 rerum
1727 1633 1890 1665 naturae

176 1702 383 1748 venustas,
414 1705 462 1739 ut
490 1712 539 1738 ea
567 1711 664 1752 pars
693 1695 818 1752 longe
846 1704 1016 1751 praestet
1044 1695 1320 1738 subtilissimis
1348 1695 1533 1737 virorum
1559 1694 1892 1737 acutissimorum

177 1770 433 1812 commentis.

237 1842 384 1884 Motus
404 1841 530 1883 maris
550 1839 678 1883 cuivis
698 1838 765 1882 vel
784 1838 929 1882 leviter
946 1839 1222 1895 perpendenti
1240 1838 1505 1881 manifestum
1524 1846 1587 1880 est
1611 1838 1889 1889 luminarium,

179 1912 313 1953 Lunoe
332 1911 576 1967 praesertim,
606 1911 788 1952 motibus
808 1911 952 1952 affines
972 1925 1062 1952 esse
1082 1918 1124 1951 et
1152 1910 1362 1966 analogos.
1421 1909 1583 1951 Eadem
1603 1917 1667 1951 est
1693 1909 1890 1964 periodus

176 1984 317 2026 motus
337 1984 464 2025 maris
482 1983 623 2025 diurni
642 1998 691 2024 ac
721 1983 857 2024 Lunae
877 1982 931 2023 ad
950 1982 1223 2026 meridianum
1243 1982 1338 2031 loci,
1371 1981 1515 2023 eadem
1534 1980 1671 2022 motfis
1691 1981 1892 2022 menstrui

177 2070 226 2097 ac
256 2056 391 2096 Lunae
420 2054 476 2096 ad
509 2054 648 2096 Solem
660 2069 672 2103 ;
702 2053 918 2108 utriusque
946 2052 1164 2093 luminaris
1191 2051 1253 2092 vis
1282 2051 1327 2092 in
1355 2059 1472 2092 motu
1497 2050 1623 2092 maris
1652 2051 1892 2107 generando

176 2125 276 2167 hinc
304 2126 451 2175 elucet,
483 2124 597 2181 quod
627 2132 752 2165 aestus
774 2123 856 2164 sint
874 2123 1050 2177 majores
1071 2121 1155 2178 quo
1185 2122 1367 2163 minores
1395 2121 1611 2177 utriusque
1630 2122 1837 2163 distantiae
1866 2139 1891 2164 a

179 2196 340 2246 Terra3
370 2194 476 2237 adeo
506 2203 552 2236 ut
580 2194 718 2235 nullus
748 2193 802 2235 sit
830 2192 1050 2233 dubitandi
1078 2192 1208 2242 locus,
1236 2199 1396 2233 motum
1414 2191 1540 2233 maris
1560 2206 1649 2234 esse
1669 2192 1805 2249 aliqua
1826 2208 1891 2234 ra-

176 2267 291 2308 tione
311 2266 366 2308 ad
384 2274 542 2307 motum
566 2265 703 2307 Lunae
723 2271 766 2307 et
786 2262 895 2305 Solis
916 2262 1204 2317 compositum.
1257 2261 1416 2311 Quales
1436 2269 1575 2303 autem
1595 2262 1780 2304 dicemus
1799 2263 1890 2305 illas

178 2352 268 2379 esse
295 2337 402 2379 vires
422 2352 517 2392 quae
545 2351 570 2377 a
601 2335 725 2377 Luna
757 2342 799 2376 et
821 2333 918 2376 Sole
945 2341 1186 2390 propagatae
1218 2335 1306 2388 (aut
1325 2331 1378 2374 ab
1397 2331 1463 2374 his
1483 2332 1622 2388 aliquo
1640 2333 1768 2374 modo
1786 2348 1889 2388 pen-

178 2410 338 2463 dentes)
360 2424 510 2465 aquam
538 2407 602 2449 bis
624 2406 796 2463 singulis
821 2406 968 2446 diebus
998 2404 1149 2446 tollunt
1169 2412 1211 2445 et
1230 2403 1489 2458 deprimunt3
1520 2418 1615 2459 quae
1643 2403 1688 2444 in
1714 2404 1890 2461 syzygiis

178 2479 443 2521 luminarium
462 2478 714 2533 conspirant,
737 2474 998 2532 quadraturis
1017 2482 1207 2531 pugnant
1218 2485 1239 2522 ;“
1260 2473 1304 2514 in
1323 2473 1553 2515 minoribus
1572 2473 1786 2529 utriusque
1805 2473 1890 2515 dis-

178 2552 317 2594 tantiis
336 2560 554 2609 augentur,
585 2551 629 2591 in
654 2549 878 2604 majoribus
898 2547 1141 2590 minuuntur
1152 2561 1164 2596 ;
1195 2559 1288 2602 quae
1308 2546 1352 2586 in
1371 2544 1522 2586 minori
1551 2545 1687 2586 Lunae
1707 2544 1888 2586 declina-

177 2622 292 2665 tione
310 2621 512 2672 fortiores,
533 2621 577 2662 in
597 2620 744 2676 majori
764 2619 985 2661 debiliores
1001 2626 1097 2659 sunt
1107 2633 1119 2668 3
1141 2626 1183 2659 et
1202 2631 1502 2672 nonnunquam
1515 2616 1714 2671 majorem
1727 2625 1887 2657 motum

179 2696 289 2737 cient
308 2693 402 2737 cum
425 2695 498 2736 Sol
517 2702 558 2735 et
578 2694 702 2735 Luna
719 2693 826 2734 infra
844 2691 1101 2732 horizontem
1117 2689 1417 2745 deprimuntur,
1440 2686 1564 2744 quam
1585 2686 1681 2728 cum
1701 2687 1744 2728 in
1764 2689 1907 2730 meri-⁴

179 2767 305 2809 diano
326 2765 528 2821 superiori
557 2766 680 2807 ambo
710 2765 988 2806 dominentur.
1052 2763 1238 2804 Fuerunt
1257 2762 1335 2802 viri
1364 2760 1622 2803 celeberrimi
1641 2760 1713 2816 qui
1741 2770 1888 2803 aestum

179 2839 305 2880 maris
333 2837 548 2893 pressione
569 2835 748 2892 quadam
778 2836 916 2877 Lunae
944 2833 1043 2876 cieri
1072 2839 1284 2888 putarunt.
1346 2829 1506 2873 Veram
1525 2845 1691 2872 causam
1709 2839 1752 2873 et
1770 2846 1887 2873 men-

181 2923 319 2950 suram
339 2909 460 2963 hujus
479 2906 706 2962 pressionis
726 2921 811 2947 non
831 2905 1115 2954 ostenderunt,
1136 2918 1214 2944 nec
1234 2916 1317 2958 quo
1336 2909 1458 2956 pacto
1478 2909 1615 2954 motus
1634 2901 1759 2942 maris
1784 2902 1888 2943 varii

180 2978 278 3020 hinc
306 2978 405 3019 oriri
435 2977 596 3032 possint
624 2976 719 3017 satis
749 2975 858 3018 clare
886 2975 1134 3024 indicarunt,
1166 2971 1300 3014 multo
1328 2970 1466 3013 mimis
1495 2979 1632 3013 motus
1661 2970 1754 3013 illos
1790 2971 1888 3026 (hoc

181 3048 384 3104 principio
403 3047 556 3103 posito)
579 3045 631 3087 ad
652 3045 855 3087 calculum
875 3060 1070 3087 revocare
1090 3044 1338 3085 docuerunt.
1369 3092 1373 3099 Δ

1003 3115 1035 3150 Q
1048 3117 1069 3144 4
