2092 3470
474 220 728 265 FLUXUS
755 187 838 262 ‘Ac
870 215 1206 261 REFLUXUS
1236 213 1445 258 MAR1s.
1727 209 1810 274 267

83 340 88 345 '
161 338 192 389 §.
215 340 298 379 32..
316 333 636 377 Consideremus
666 334 793 390 igitur
821 330 1003 388 primum
1032 330 1210 371 Terram
1239 329 1283 368 in
1309 335 1418 369 statu
1440 339 1516 366 suo
1545 320 1736 370 naturali,
1767 318 1813 360 in

61 440 67 445 ·
106 424 228 466 quem
256 424 300 451 se
329 407 415 450 sola
444 409 486 449 vi
513 408 726 465 gravitatis
757 406 988 462 composuit
1002 420 1025 456 3.
1044 404 1088 444 in
1109 418 1204 459 que,
1236 400 1332 442 cum
1350 399 1544 441 habitura
1562 397 1615 438 sit
1634 396 1811 452 figuram

105 480 363 536 sphaericam,
394 488 664 535 repraesentet
693 479 870 521 circulus
899 479 941 520 A
961 478 1006 520 D
1028 477 1066 518 B
1088 475 1126 517 Ε
1156 489 1229 533 seu
1257 473 1396 528 potius
1422 473 1571 529 globus
1593 472 1680 526 ejus
1700 478 1811 512 rota-

104 552 216 593 tione
236 560 351 594 ortus
373 552 563 602 Terram,
595 565 719 607 quam
738 558 940 606 praeterea
957 547 1141 603 undique
1161 544 1267 600 aqua
1289 542 1577 584 circumfusam
1604 542 1815 597 ponimus.

105 622 305 663 Versetur
327 623 416 678 jam
448 623 520 664 Sol
549 622 615 663 vel
644 622 768 663 Luna
796 620 839 661 in
870 621 914 670 S,
945 634 971 660 a
990 619 1105 673 cujus
1125 616 1166 656 vi
1193 613 1289 656 cum
1307 613 1488 670 gravitas
1507 612 1707 653 naturalis
1726 620 1817 653 tam

103 694 148 735 in
178 695 219 736 A
249 693 373 750 quam
402 695 446 735 in
478 695 515 737 B
545 694 810 743 diminuatur,
840 692 884 732 in
914 692 959 733 D
978 689 1078 731 vero
1097 697 1140 730 et
1160 687 1206 728 E·
1221 694 1436 743 augeatur,
1466 685 1734 726 manifestuum
1749 678 1817 726 es't'

105 765 282 807 Terram
303 781 375 806 seu
394 764 532 820 potius
552 779 702 821 aquam
720 764 789 804 illi
799 760 1089 804 circumfusam
1108 759 1311 801 elevatum
1330 758 1382 798 iri
1401 757 1450 797 iit
1466 757 1512 798 A?
1527 765 1573 798 et
1589 755 1646 806 B,
1669 756 1821 798 contra·

103 836 204 878 vero
238 836 281 877 in
315 837 360 879 D
394 845 435 878 et
470 836 509 878 E
541 835 743 891 deprimas
763 831 890 890 idque
919 846 1114 887 eousque,
1148 828 1290 886 quoad
1317 826 1623 869 sollicitationes
1658 843 1679 868 a
1715 828 1811 870 Sole

83 887 93 906 ¹
104 907 279 950 Lunave
297 908 343 949 in
364 908 394 950 S
413 907 604 949 oriundae
617 921 712 949 cum
725 906 767 947 vi
786 904 997 962 gravitatis
1013 903 1067 945 ad
1081 902 1211 958 aeqni·

101 978 441 1020 fibrium-fuerint
459 979 650 1020 redactae.
694 978 757 1020 Sit
775 978 915 1033 itaque
929 990 1057 1017 curva
1068 971 1135 1016 ad
1144 974 1173 1015 b
1185 988 1210 1015 e

103 1064 155 1092 ea
186 1049 333 1106 figura,
370 1063 464 1105 quae
481 1049 606 1090 circa
636 1062 757 1090 axem
784 1063 809 1089 a
827 1047 858 1088 b
881 1054 1016 1088 rotata
1040 1053 1211 1103 generet

105 1116 252 1158 Terrae
271 1116 461 1167 formam,
484 1131 608 1172 quam
628 1132 653 1157 a
671 1117 713 1158 vi
731 1116 788 1157 ad
816 1115 853 1158 S
866 1115 1022 1157 directa
1042 1114 1208 1156 tandem

102 1185 284 1239 recipiet,
300 1191 423 1240 atque
438 1183 533 1226 cnm
546 1199 667 1240 aquae
677 1197 790 1225 nunc
801 1191 1011 1239 ponantur
1024 1184 1068 1224 in
1082 1182 1211 1237 aequi-

101 1253 500 1303 librio·constitutae,
533 1266 703 1294 necesse
732 1261 795 1294 est
813 1260 860 1294 ut
879 1252 1051 1294 directio
1074 1251 1212 1292 media

103 1325 290 1367 omnium
320 1323 668 1374 sollicitationum,
700 1324 850 1380 quibus
871 1324 1044 1381 singulae
1066 1323 1213 1364 Terrae

103 1398 319 1452 particulae
347 1398 391 1438 in‘
419 1396 611 1452 suprema
633 1397 850 1452 superficie
877 1397 966 1438 sitae
995 1403 1211 1452 urgentur,

108 1470 163 1510 ad
196 1471 331 1525 ipsam
365 1470 624 1525 superficiem
655 1470 708 1511 sit
737 1470 946 1511 normalis.
1008 1469 1150 1519 Quare
1180 1468 1215 1509 si

105 1542 355 1597 particulam
384 1557 672 1598 quamcunque
704 1542 756 1583 M
787 1550 1032 1597 spectemus,
1062 1556 1111 1582 ea
1121 1540 1234 1595 xpri-⁴

106 1612 222 1655 mum
242 1630 267 1655 a
285 1614 485 1670 gravitate
506 1613 746 1655 naturaliin
766 1613 992 1655 directione
1014 1614 1066 1655 M
1090 1613 1126 1654 C
1146 1627 1217 1653 ur·

105 1693 228 1742 getur
249 1683 458 1734 deorsum,
483 1684 608 1740 idque
632 1684 685 1734 vi,
703 1698 827 1740 quam
843 1692 1078 1725 constanter
1096 1683 1217 1738 poni-

108 1771 201 1798 mus
229 1772 271 1794 =
303 1761 319 1796 1
341 1771 352 1805 ;
383 1755 538 1811 quippe
567 1771 662 1812 quae
689 1763 750 1797 est
778 1756 869 1811 ipsa
886 1756 1067 1813 gravitas
1085 1756 1130 1810 in
1149 1771 1218 1796 su-

106 1828 275 1884 perficie
305 1828 466 1878 Terrae,
497 1827 548 1869 eo
570 1828 683 1884 quod
712 1828 891 1870 elevatio·
904 1828 971 1870 vel
1000 1828 1212 1884 depressio

108 1900 323 1955 particulae
343 1900 580 1944 distantiam
600 1901 687 1955 ejus
707 1916 734 1942 a
752 1909 896 1942 centro
911 1899 1071 1951 Terrae,
1089 1917 1114 1942 a
1132 1901 1213 1957 qua
1228 1901 1400 1943 variatio
1419 1899 1631 1957 gravitatis
1651 1897 1821 1953 pendet,

109 1971 354 2013 sensibiliter
382 1986 468 2012 non
496 1972 703 2013 immutet-⁷
770 1970 939 2014 Deinde
973 1972 1073 2013 vero
1103 1972 1250 2013 eadem
1278 1971 1481 2027 particula
1510 1970 1564 2012 M
1594 1985 1620 2011 a
1646 1970 1688 2010 vi
1717 1969 1760 2009 in
1793 1968 1824 2010 S
1883 1958 1887 1960 ‚

114 2045 314 2086 existente
344 2044 585 2086 sollicitatur
611 2044 767 2099 duplici
795 2044 848 2094 vi,
881 2059 1056 2100 quarum
1082 2044 1248 2085 alterius
1269 2043 1443 2085 directio
1470 2043 1516 2083 in
1546 2043 1678 2097 ipsam
1710 2040 1763 2082 M
1787 2040 1823 2081 C

109 2115 267 2166 incidit,
290 2113 462 2156 alterius
475 2112 574 2155 vero
595 2114 639 2154 in
661 2113 714 2155 M
730 2114 771 2155 R
791 2114 1020 2156 normalem
1041 2114 1094 2155 ad
1117 2114 1169 2155 M
1186 2114 1235 2155 C.
1298 2113 1508 2163 Quocirca
1527 2113 1655 2154 trium
1674 2112 1823 2152 harum

111 2186 263 2228 virium
289 2186 469 2228 mediam
497 2186 765 2228 directionem
794 2187 976 2229 incidere
1006 2195 1172 2242 oportet
1198 2188 1241 2228 in
1271 2196 1426 2229 rectam
1458 2187 1510 2228 M
1536 2187 1572 2228 N
1595 2186 1824 2227 normalem

113 2261 169 2303 ad
191 2272 359 2303 mirvam
380 2275 404 2301 a
425 2260 478 2301 M
498 2260 540 2311 d,
562 2275 645 2316 quo
664 2260 754 2315 ipso
773 2267 922 2301 natura
940 2258 1063 2315 hujus
1084 2275 1222 2302 curvae
1242 2260 1593 2301 determinabitur.

169 2336 201 2388 ς.
224 2339 291 2375 33.
322 2332 514 2375 Dubium
541 2331 611 2373 hic
630 2332 830 2373 ¹subnasci
859 2340 1023 2388 posset„
1043 2333 1156 2389 quod
1176 2331 1271 2374 clim
1292 2333 1346 2374 ad
1374 2348 1560 2388 praesens
1589 2333 1826 2374 institutum

113 2403 298 2447 omnium
327 2405 489 2454 virium,
523 2404 671 2460 quibus
701 2404 876 2461 singulae
905 2405 1119 2460 particulae
1141 2406 1426 2456 sollicitantur,
1459 2406 1565 2447 ratio
1586 2406 1731 2447 haberi
1753 2405 1826 2446 de-

113 2475 222 2526 beat,
254 2490 346 2516 eam
372 2474 443 2517 hic
470 2475 741 2532 negligamus,
765 2490 857 2531 quae
877 2491 903 2516 a
921 2476 961 2516 vi
981 2476 1210 2534 centrifugfi
1240 2477 1377 2519 motus
1409 2478 1555 2519 Terrae
1575 2477 1715 2519 diurni
1745 2478 1827 2518 ori-

115 2554 198 2597 tur,
230 2547 383 2603 quippe
411 2562 504 2603 quae
533 2562 618 2588 non
648 2546 781 2588 solum
810 2562 895 2588 non
925 2556 987 2589 est
1020 2548 1180 2594 infinite
1211 2564 1355 2604 parva,
1387 2550 1460 2591 sed
1494 2549 1634 2591 multis
1670 2549 1828 2591 vicibus

95 2607 98 2611 ⁴
116 2619 260 2674 major,
292 2616 415 2673 quam
443 2618 549 2660 vires
578 2634 672 2675 quae
701 2618 767 2660 vel
798 2635 822 2660 a
845 2619 942 2661 Sole
961 2620 1027 2661 vel
1046 2620 1170 2663 Luna
1189 2621 1414 2664 resultant:
1447 2622 1520 2664 sed
1541 2623 1637 2678 quia
1655 2622 1747 2663 haec
1767 2621 1829 2663 vis

119 2700 378 2736 constantem
406 2692 600 2752 producit
627 2693 833 2745 effectum,
864 2693 1013 2735 Terrae
1043 2695 1197 2737 scilicet
1222 2695 1402 2752 figuram
1430 2695 1744 2751 sphaeroidicam
1776 2696 1830 2737 ad

118 2763 236 2819 polos
267 2776 556 2816 compressam,
587 2764 872 2814 mutationem,
905 2779 998 2820 quae
1027 2765 1070 2805 in
1097 2766 1214 2806 fluxu
1234 2781 1282 2807 ac
1307 2767 1470 2807 refluxu
1490 2766 1615 2807 maris
1636 2766 1831 2807 observa-

120 2843 202 2885 tur,
238 2834 485 2876 sensibiliter
518 2834 680 2877 afficere
714 2837 870 2893 nequit.
944 2837 1113 2879 Deinde
1148 2839 1334 2893 quamvis
1369 2837 1439 2880 hic
1470 2839 1648 2894 figuram
1683 2839 1831 2880 Terroe

123 2906 368 2962 sphaericam
387 2921 605 2961 ponamus,
638 2916 776 2950 tamen
798 2909 841 2951 in
861 2909 1164 2950 aberrationem
1187 2909 1398 2964 praecipue
1418 2910 1470 2951 ab
1490 2910 1569 2952 hac
1590 2910 1722 2966 figura
1745 2919 1827 2952 tam

123 2993 150 3019 a
180 2978 276 3020 Sole
305 2976 430 3034 quam
461 2976 583 3019 Luna
614 2979 831 3020 oriundam
854 2980 1125 3036 inquirimus:
1156 2979 1416 3021 manifestum
1437 2989 1575 3022 autem
1596 2990 1669 3032 est,
1702 2998 1833 3037 quan-

124 3058 212 3092 tum
242 3050 377 3107 figura
405 3065 523 3106 aquae
552 3050 606 3092 ob
626 3051 733 3092 vires
757 3052 864 3094 Solis
889 3052 1074 3093 Lunaeve
1105 3067 1129 3093 a
1159 3051 1360 3107 sphaericzi
1382 3054 1560 3105 recedat,
1588 3054 1832 3096 tantundem
1874 3063 1876 3065 ’
