2092 3470
245 242 328 280 324
576 234 931 285 INQUISITIO
960 232 1234 277 PHYSICA
1265 233 1333 275 IN
1363 230 1622 274 CAUSAM

242 366 357 396 mare
370 353 458 408 jam
477 350 691 405 deprimit3
723 363 816 405 quae
836 349 1054 391 diminutio
1074 347 1169 390 cum
1192 346 1315 389 duret
1335 346 1419 388 fere
1440 361 1571 402 usque
1591 345 1645 387 ad
1665 344 1947 401 quadraturas,

244 439 411 468 necesse
446 430 508 465 est
540 430 588 464 ut
618 421 683 464 his
715 422 969 478 temporibus
1002 422 1141 462 fluxus
1174 419 1308 461 multo
1343 418 1462 462 citius
1490 427 1586 475 post
1615 418 1951 461 culminationem

247 497 380 538 Lunae
410 501 646 550 sequantur,
679 493 914 549 viribusque
941 491 1252 532 sollicitantibus
1279 491 1411 547 magis
1442 491 1741 545 obtemperent,
1777 489 1839 531 uti
1861 488 1950 531 ,1100

245 567 373 610 fusius
394 570 424 621 ᾗ.
447 572 515 609 91.
546 565 851 622 explicavimus,
882 564 994 605 unde
1022 572 1185 618 tempus
1205 563 1490 605 retardationis
1516 564 1560 604 in
1580 563 1840 620 quadraturis
1859 570 1951 604 tan-

246 648 335 681 tum
354 639 432 680 erit
451 645 469 679 t
486 661 544 669 --
563 641 592 679 θ.
652 636 754 678 Post
773 635 1043 692 quadraturas
1070 642 1208 676 autem
1230 635 1303 676 Sol
1323 635 1454 676 exerit
1474 634 1726 675 contrarium
1744 633 1948 683 effectum,

246 721 370 768 atque
389 711 611 752 adventum
628 708 767 751 fluxus
787 706 983 749 continuo
1004 707 1135 762 magis
1156 706 1351 757 retardat,
1382 706 1508 762 idque
1527 705 1677 762 aequali
1695 704 1835 755 mod0,
1866 718 1951 760 quo

248 783 343 825 ante
379 782 685 831 acceleraverat,
723 794 776 821 ex
809 793 892 835 quo
924 793 1055 835 usque
1090 778 1144 819 ad
1179 785 1419 834 sequentem
1449 778 1657 834 syzygiam
1690 775 1952 819 intervallum

248 864 267 897 t
286 879 343 894 -ε-
363 859 380 895 θ
407 855 557 896 iterum
586 852 640 894 ad
658 860 676 894 t
694 866 825 907 usque
844 851 1075 907 augebitur.
1137 850 1361 907 Hujusque
1379 849 1645 905 phaenomeni
1675 849 1799 891 solius
1820 847 1952 903 expli-

249 927 355 970 catio
390 926 575 968 sufficere
604 931 743 980 posset
772 922 826 964 ad
844 922 1057 964 veritatem
1085 922 1257 964 theoriae
1286 930 1441 964 nostrae
1470 920 1751 971 evincendam,
1783 919 1879 962 clim
1907 919 1953 962 id

249 999 439 1041 omnibus
469 997 557 1038 aliis
588 995 756 1037 theoriis
786 994 995 1050 explicatu
1016 995 1068 1036 sit
1095 995 1399 1051 insuperabile3
1431 1009 1568 1051 neque
1587 1009 1612 1036 a
1631 993 1796 1036 nemine
1815 993 1953 1035 adhuc

233 1070 393 1112 ‘saltem
412 1067 638 1124 probabilis
659 1068 745 1122 ejus
767 1081 891 1108 causa
911 1066 964 1107 sit
979 1066 1202 1123 assignata.

307 1145 336 1194 ς.
376 1144 470 1184 107.
522 1137 729 1180 Octavum
777 1138 1084 1193 phaenomenon
1131 1145 1319 1193 petamus
1359 1153 1415 1180 ex
1459 1138 1737 1195 inaequalitate
1775 1137 1955 1180 duorum

248 1212 437 1252 fluxuum
478 1225 566 1251 sese
603 1208 838 1251 immediate
876 1208 1194 1265 insequentium,
1231 1223 1409 1265 quorum
1447 1209 1550 1250 alter
1587 1208 1778 1250 transitui
1816 1208 1953 1250 Lunoe

249 1283 451 1338 superiori
489 1296 565 1338 per
603 1282 878 1324 meridianum
916 1282 1153 1337 respondet,
1189 1282 1293 1323 alter
1329 1281 1527 1332 inferiori,
1569 1296 1662 1338 quae
1699 1281 1956 1338 inaequalitas

248 1354 428 1396 maxime
459 1354 698 1396 observatur
727 1354 771 1394 in
799 1354 1036 1410 regionibus
1065 1354 1118 1395 ab
1146 1361 1356 1410 aequatore
1384 1353 1562 1408 multum
1586 1353 1768 1404 remotis,
1800 1367 1848 1394 ac
1867 1361 1957 1395 tum

250 1424 346 1467 cum
381 1425 517 1466 Lunae
551 1424 772 1467 declinatio
804 1432 867 1467 est
896 1425 1091 1467 maxima.
1150 1424 1335 1466 Theoria
1368 1424 1535 1481 quidem
1566 1423 1750 1466 declarat
1777 1424 1957 1476 Lunam,

249 1499 409 1542 etiamsi
442 1500 484 1540 in
520 1500 611 1555 ipso
646 1506 858 1556 aequatore
888 1507 1085 1550 versetur,
1121 1506 1260 1541 tamen
1291 1498 1438 1554 majori
1470 1498 1512 1540 vi
1545 1497 1729 1555 gaudere
1759 1497 1814 1539 ad
1842 1512 1959 1540 mare

249 1571 514 1622 movendum,
551 1571 718 1627 quando
753 1586 878 1626 super
915 1570 1132 1612 horizonte
1164 1569 1440 1612 meridianum
1473 1568 1650 1626 attingit,
1693 1566 1817 1624 quam
1853 1567 1961 1608 infra

250 1643 532 1692 horizontem3
563 1650 605 1683 at
624 1642 847 1683 discrimen
867 1641 943 1683 sub
965 1649 1174 1698 aequatore
1192 1649 1278 1683 tam
1297 1648 1360 1683 est
1374 1641 1583 1697 exiguum,
1599 1648 1646 1682 ut
1664 1640 1735 1681 vix
1752 1640 1796 1680 in
1817 1653 1960 1681 sensus

252 1731 471 1758 occurrere
499 1723 635 1772 queat,
665 1716 875 1772 integrum
904 1716 1014 1757 enim
1044 1715 1221 1772 digitum
1249 1729 1335 1756 non
1364 1714 1529 1770 attingit
1558 1717 1605 1768 (§.
1627 1713 1743 1765 41.);
1774 1720 1898 1769 atque
1916 1712 1961 1753 in
1997 1699 2001 1702 i

250 1787 490 1845 regionibus
512 1788 564 1828 ab
585 1795 794 1842 aequatore
813 1787 982 1830 remotis
1003 1786 1053 1827 fit
1071 1785 1204 1828 multo
1219 1786 1368 1827 minus.
1429 1785 1541 1826 Vera
1559 1784 1684 1841 igitur
1702 1783 1826 1838 hujus
1844 1783 1961 1838 phae-

250 1860 419 1901 nomeni
452 1859 557 1901 ratio
589 1859 634 1899 in
666 1858 883 1900 altitudine
912 1859 1048 1900 Lunae
1076 1857 1304 1900 meridiana
1336 1872 1408 1899 seu
1440 1856 1633 1898 distantia
1663 1855 1716 1896 ab
1743 1855 1961 1897 horizonte

258 1932 518 1980 continetur3
547 1930 644 1971 hinc
675 1931 786 1974 enim
815 1930 999 1986 sequitur
1029 1933 1113 1987 quo
1142 1931 1273 1985 major
1292 1929 1416 1971 fuerit
1435 1927 1664 1970 differentia
1684 1928 1791 1969 inter
1809 1926 1964 1968 distan-

251 2005 327 2046 tias
348 2004 483 2046 Lunae
503 2003 555 2045 ab
575 2002 803 2054 horizonte,
826 2003 928 2045 dum
947 2018 1023 2059 per
1042 2002 1316 2044 meridianum
1335 2002 1483 2043 transit
1501 2009 1591 2043 tum
1606 2014 1730 2056 super
1748 1999 1962 2041 horizonte

253 2084 340 2117 turn
362 2075 438 2116 sub
457 2075 686 2124 horizonte,
703 2070 754 2114 eo
773 2075 975 2128 majorem
995 2089 1083 2113 csso
1103 2073 1254 2113 debere
1275 2072 1547 2112 differentiam
1566 2071 1674 2111 inter
1691 2071 1812 2111 binos
1825 2070 1963 2111 fluxus

255 2147 519 2197 successivos,
553 2161 606 2187 ex
635 2160 718 2202 quo
746 2145 1014 2200 perspicuum
1034 2151 1096 2185 est
1124 2144 1244 2185 istam
1264 2142 1537 2184 differentiam
1555 2140 1697 2183 versus
1725 2141 1844 2198 polos
1865 2155 1963 2182 con-

254 2217 370 2260 tinuo
392 2232 574 2260 crescere
595 2217 760 2267 debere,
791 2216 826 2258 si
855 2215 1022 2272 quidem
1054 2215 1177 2257 Luna
1204 2213 1355 2255 habeat
1383 2212 1710 2254 declinationem.
1771 2210 1900 2261 Quod
1928 2211 1963 2252 si

256 2304 355 2345 ergo
376 2289 499 2330 Luna
527 2288 719 2330 habuerit
738 2287 1059 2329 declinationem
1088 2285 1310 2336 borealem,
1342 2292 1432 2326 tum
1459 2285 1503 2325 in
1533 2285 1769 2341 regionibus
1799 2291 1962 2340 septen-

255 2359 498 2401 trionalibus
518 2359 657 2400 fluxus
679 2359 757 2400 erit
777 2359 910 2414 major
930 2357 1001 2414 qui
1020 2357 1236 2398 transitum
1266 2356 1400 2398 Lunae
1418 2370 1494 2411 per
1512 2355 1784 2397 meridianum
1803 2355 1962 2410 superi-

256 2445 371 2471 orem
392 2418 588 2486 sequitur,
612 2430 716 2471 alter
735 2429 835 2471 vero
857 2444 1045 2486 sequens,
1063 2430 1134 2486 qui
1153 2429 1343 2471 transitui
1361 2428 1545 2470 inferiori
1564 2427 1796 2483 respondet,
1813 2428 1961 2469 minor.

259 2503 417 2546 Contra
449 2513 587 2551 autem
621 2505 655 2554 si
691 2505 827 2546 Lunae
859 2503 1080 2545 declinatio
1113 2503 1237 2544 suerit
1270 2503 1471 2552 australis,
1513 2501 1703 2557 appulsui
1736 2501 1871 2542 Lunae
1907 2501 1963 2543 ad

256 2576 531 2617 meridianum
552 2576 755 2630 superiori
783 2576 921 2616 fluxus
943 2574 1135 2616 succedet
1154 2575 1301 2625 minor,
1334 2573 1515 2614 inferiori
1533 2570 1632 2614 vero
1651 2572 1804 2627 major3
1833 2571 1962 2613 hanc-

258 2662 339 2702 que
359 2646 632 2688 differentiam
651 2646 927 2688 Flamstedius
948 2646 1179 2688 observavit
1199 2646 1429 2702 diligenter,
1445 2644 1685 2699 nullumque
1701 2651 1762 2684 est
1776 2643 1960 2694 dubium,

260 2717 360 2772 quin
400 2732 449 2758 ea
485 2732 562 2772 per
602 2718 901 2773 copiosissimas
941 2717 1259 2767 observationes,
1296 2731 1397 2772 quas
1436 2715 1662 2757 Academia
1701 2713 1965 2755 celeberrima

261 2788 396 2844 Regia
431 2788 619 2830 Parisina
653 2789 833 2846 collegit,
871 2789 1040 2830 omnino
1078 2788 1357 2830 confirmetur.
1426 2787 1478 2828 In
1512 2786 1593 2828 hoc
1627 2795 1764 2828 autem
1796 2785 1965 2842 negotio

258 2862 419 2904 indoles
448 2863 638 2904 fluxuum
665 2863 798 2918 probe
831 2871 894 2905 est
925 2862 1194 2918 inspicienda,
1229 2861 1423 2918 quoniam
1454 2861 1658 2918 aliquibus
1690 2861 1734 2901 in
1764 2858 1966 2914 portubus

260 2941 477 2988 tantopere
506 2935 780 2987 retardantur,
812 2943 859 2977 ut
889 2935 1150 2991 sequentibus
1182 2935 1315 2976 Lunae
1341 2935 1579 2976 transitibus
1598 2948 1674 2989 per
1693 2931 1968 2974 meridianum

263 3006 345 3047 sint
376 3007 605 3061 propiores,
639 3007 762 3064 quam
796 3008 868 3058 illi,
907 3008 974 3049 cui
1009 3021 1125 3049 suam
1154 3007 1357 3063 originem
1392 2993 1564 3056 debent3
1608 3007 1664 3047 ita
1693 3004 1968 3060 Dunkerquae

262 3079 371 3121 circa
393 3079 577 3135 syzygias
599 3080 736 3121 fluxus
759 3080 922 3122 circiter
941 3079 1112 3121 meridie
1141 3078 1349 3123 observari
1377 3079 1491 3129 solet,
1522 3092 1656 3133 neque
1675 3075 1774 3118 vero
1803 3076 1862 3117 illi
1889 3075 1969 3129 ipsi
