2092 3470
121 198 286 241 'lem
302 198 538 249 Tenues]
600 196 920 240 PRINCIPIA
950 197 1443 246 MATHEMATICA.
1730 216 1731 220 ’
1774 214 1828 249 15

127 312 358 356 satellitum
387 314 516 356 Jovis.
577 315 628 369 (Ἰ)
651 315 818 356 Etenim
845 329 921 369 per
949 314 1119 368 eclipses
1142 314 1232 356 illas
1251 317 1545 361 determinatur
1564 323 1716 376 positio
1735 338 1827 364 um..

134 387 227 428 brae
253 401 379 444 quam
396 387 560 442 Jupiter
584 387 762 442 projicit,
793 395 835 428 et
863 401 914 428 eo
941 387 1110 428 nomine
1130 387 1308 428 habetur
1327 389 1443 430 Jovis
1461 389 1677 448 longitudo
1696 395 1831 437 helio-

128 460 328 501 cena-ica.
388 459 458 500 Ex
484 456 812 515 longitudinibus
835 468 976 500 autem
994 458 1285 501 heliocentricfi
1306 468 1347 502 et
1365 463 1623 517 geocentricfi
1649 467 1757 508 inter
1786 483 1831 509 se

130 531 294 577 collatis
313 530 610 581 determinatur
628 530 823 573 distantia
839 531 969 573 Jovis.
1550 551 1553 554 ·

705 696 1173 742 PHAENOMENON
1206 699 1261 741 V.

132 829 330 870 Planctus
349 829 584 883 primarios,
615 828 746 869 radiis
773 829 830 868 ad
867 828 1035 869 Tmam
1065 812 1204 879 dicetis,
1225 843 1343 872 areas
1361 831 1578 873 describere
1595 833 1830 886 temporibus

186 899 346 940 minime
356 900 682 953 proportionales
698 921 713 945 ;
735 904 781 939 at
799 899 932 940 radiis
946 900 1004 939 ad
1021 899 1148 940 Solem
1169 901 1308 950 ductis,
1330 915 1447 943 areas
1472 903 1708 956 temporibus
1727 917 1843 957 pro-⁸

180 970 432 1024 portionales
442 983 690 1023 percurrere.
1004 978 1008 981 ·

189 1097 302 1140 Nam
329 1103 518 1152 respectu
538 1095 685 1137 Terrae
703 1109 815 1136 nunc
832 1095 1172 1152 progrediuntur,
1198 1110 1311 1138 nunc
1331 1097 1555 1139 stationarii
1575 1106 1684 1148 sunt,
1715 1112 1827 1148 nunc

133 1171 255 1214 etiam
269 1170 581 1228 regrediuntur:
615 1169 675 1210 At
698 1169 806 1211 Solis
826 1177 1017 1224 respectu
1038 1183 1202 1224 semper
1219 1169 1553 1226 progrediuntur,
1584 1169 1709 1226 idque
1727 1184 1825 1225 pro-

130 1295 262 1327 latitudo
277 1295 408 1326 Veneris
421 1305 459 1327 ex
476 1295 603 1327 Tellure
620 1296 777 1326 observata
793 1295 822 1325 P
833 1294 864 1325 T
879 1295 920 1331 E,
937 1305 956 1325 e
997 1293 1038 1324 ad
1058 1294 1188 1325 orbitam
1209 1297 1355 1337 satellitisq
1377 1306 1408 1332 et
1433 1300 1452 1330 Ῐ
1468 1299 1500 1331 Ε
1525 1309 1596 1340 quae
1615 1299 1674 1329 erit
1690 1298 1723 1328 in
1748 1298 1778 1329 Ε
1795 1298 1826 1329 Τ

133 1339 206 1370 Sole
226 1338 290 1369 visa
312 1339 341 1369 P
357 1339 380 1369 S
395 1338 434 1373 E,
460 1338 491 1368 E
515 1344 666 1377 punctum
686 1338 719 1366 in
733 1336 882 1376 ecliptica,
899 1337 956 1367 erit
997 1337 1266 1375 perpendicularis,
1290 1344 1363 1382 quia
1383 1345 1578 1384 cognoscitur
1590 1342 1668 1371 ratio
1681 1341 1825 1370 mxima·

131 1387 171 1412 ut
186 1381 215 1411 P
231 1381 254 1411 S
268 1380 308 1411 ad
325 1381 354 1411 P
369 1381 408 1418 T,
424 1379 468 1410 its
482 1386 612 1420 tangens
628 1379 800 1410 latitudinis
824 1379 852 1409 P
870 1379 900 1409 T
916 1379 956 1414 E,
1002 1378 1208 1419 elongationis
1227 1384 1321 1424 hujus
1342 1386 1479 1416 satellitis
1492 1385 1532 1416 ad
1546 1383 1824 1415 semi-diametrum

131 1422 173 1454 nd
185 1428 363 1463 tangentem
383 1422 556 1452 latitudinis
579 1422 608 1451 P
624 1422 646 1452 S
662 1421 702 1451 Ε.
750 1422 834 1451 Nam
848 1422 888 1451 ob
901 1431 958 1451 an-
1001 1420 1100 1458 JoviS,
1121 1428 1154 1453 et
1170 1422 1222 1454 hic
1240 1428 1369 1459 habetur
1381 1428 1416 1459 in
1429 1427 1573 1459 secundis
1586 1425 1825 1456 semi-diameter

131 1462 861 1507 guiosEPTetEPSrectosestPTad
882 1463 956 1494 PE

131 1513 169 1538 ut
182 1508 269 1537 sinus
282 1513 366 1538 totus
379 1506 419 1537 ad
433 1511 612 1546 tangentem
630 1505 738 1546 anguli
762 1505 791 1536 P
807 1506 836 1536 T
852 1505 904 1542 E;
927 1511 959 1535 et

131 1549 271 1579 similiter
294 1549 323 1579 P
339 1549 361 1579 S
374 1548 414 1578 ad
431 1548 459 1578 P
475 1548 505 1578 E
525 1553 562 1577 ut
575 1548 662 1577 sinus
674 1554 760 1578 totus
773 1546 813 1577 ad
829 1553 960 1588 tangen-

132 1591 361 1630 temanguliP
378 1588 650 1630 SE,ide6queut
672 1589 701 1619 P
718 1588 791 1619 Sad
810 1589 838 1620 P
855 1590 893 1626 T,
915 1588 960 1619 ita

131 1642 263 1712 3³53?
282 1631 960 1716 gffldfffifflngffifflffliffmffl:

133 1717 164 1748 E
182 1716 463 1754 PS,etideoerit
480 1716 600 1747 sPad
617 1717 639 1747 S
656 1715 960 1756 Eutsinusanguli

133 1760 157 1790 S
179 1759 209 1790 E
238 1760 271 1795 P,
291 1754 518 1798 tomplementi
550 1758 578 1789 P
600 1759 622 1789 S
645 1759 675 1789 Ε
705 1758 745 1788 ad
772 1763 891 1788 rectum
919 1757 960 1788 ad

130 1802 235 1831 sinum
257 1801 368 1842 anguli
394 1801 423 1831 P
439 1801 518 1835 S·E.
543 1800 664 1831 dabitur
686 1799 762 1841 ergo
788 1800 810 1830 S
833 1800 875 1836 E,
902 1810 959 1830 seu

130 1844 209 1874 ratio
229 1843 298 1884 ejus
318 1843 359 1874 ad
381 1844 404 1874 S
420 1843 459 1880 T,
482 1843 588 1882 sicque
608 1843 771 1873 observatis
792 1842 883 1872 variis
896 1841 959 1872 dis-

131 1885 234 1917 «antiis
251 1886 273 1917 S
290 1886 328 1923 P,
344 1885 466 1916 dabitur
479 1885 660 1922 mediocris3
683 1885 757 1925 quia
774 1883 848 1915 vero
867 1884 959 1914 datur

131 1928 208 1959 ratio
224 1929 246 1958 S
258 1928 288 1959 T
301 1927 342 1960 ad
355 1927 541 1958 mediocrem
553 1927 729 1957 distantiam
740 1927 821 1958 Solis
830 1937 850 1957 a
862 1926 959 1957 Tertii

131 1977 276 2042 tergidlpore·
290 1969 528 2041 obxslervationizs?d
547 1969 684 2041 dgpimr·
697 1969 775 2000 ratio
805 1969 959 2041 ‘gisimtiae

130 2022 163 2042 m
215 2021 294 2042 ocris
355 2021 454 2041 eneris
583 2018 738 2042 istannam
772 2021 805 2041 m
855 2021 959 2041 ocrem

133 2054 213 2085 Solis
225 2065 245 2084 a
255 2053 360 2085 Tertii.
395 2053 546 2084 Mercurii
558 2053 710 2083 distantiae
724 2063 743 2083 a
753 2052 854 2083 Terra·
859 2053 960 2083 deter»

129 2096 289 2127 minantur
302 2097 395 2126 etiam
410 2105 464 2134 per
478 2095 687 2135 elongationes
700 2095 768 2136 ejus
781 2095 932 2125 maximas
940 2105 960 2125 a

131 2138 214 2174 Sole,
244 2137 299 2173 sed
325 2138 400 2178 quia
427 2138 526 2167 orbita
552 2137 702 2168 Mercurii
723 2143 770 2167 est
789 2137 960 2167 admodum

130 2180 312 2218 excentrica,
342 2180 369 2210 si
395 2179 573 2210 Mercurius
597 2179 632 2210 fit
655 2179 690 2209 in
713 2179 751 2215 P,
769 2179 803 2209 in
823 2178 961 2209 maxima

130 2222 326 2263 digressione,
348 2231 404 2261 per
424 2221 668 2252 observationem
682 2228 774 2252 notus
787 2221 827 2251 sit
840 2226 961 2260 oportet

129 2265 266 2306 angulus
288 2265 311 2295 S
326 2265 356 2295 Τ
372 2264 401 2295 P
421 2270 454 2294 et
473 2273 528 2303 per
546 2263 696 2294 theoriam
710 2269 854 2294 motuum
870 2263 958 2293 Mer-

127 2307 207 2337 curii
231 2307 366 2348 angulus
389 2305 418 2336 P
435 2306 456 2336 S
472 2306 502 2336 T
522 2305 607 2336 unde
628 2305 798 2336 deducetur
818 2305 953 2346 angulus

130 2349 162 2380 T
175 2349 205 2380 P
221 2350 253 2386 S,
274 2349 348 2390 quia
367 2347 502 2389 angulus
522 2348 575 2378 ille
593 2354 696 2379 rectus
713 2358 777 2378 non
796 2353 852 2385 est,
867 2347 953 2378 unde
995 2346 1084 2378 Jovis
1111 2343 1272 2377 habebitur
1298 2342 1333 2373 in
1361 2342 1504 2373 secundis
1530 2343 1666 2384 angulus
1694 2345 1713 2376 1
1737 2346 1767 2377 T
1788 2347 1820 2377 E

127 2391 253 2422 tandem
267 2398 378 2422 caetera
390 2389 633 2422 determinentur
645 2396 684 2421 ut
696 2391 730 2421 in
746 2390 877 2427 Venere,
897 2400 951 2420 ne-
995 2391 1054 2421 sub
1074 2398 1136 2429 quo
1156 2395 1300 2426 apparere
1320 2384 1443 2416 deberet
1455 2385 1537 2415 linea
1552 2386 1571 2416 Ι
1587 2386 1628 2422 Ε,
1651 2387 1677 2417 si
1701 2388 1822 2420 satelles

128 2433 237 2474 glectis
249 2433 398 2464 minutiis.
997 2422 1077 2461 sciret
1098 2431 1132 2460 in
1155 2427 1293 2460 maximi
1315 2426 1372 2457 sua
1394 2427 1588 2468 elongatione
1610 2439 1648 2459 eo
1675 2432 1822 2470 temporis

174 2475 221 2517 (Υ)
233 2480 283 2506 62.
301 2479 319 2496 0
336 2478 465 2507 Etenim
474 2486 534 2516 per
546 2477 665 2516 eclipses
676 2475 764 2507 Jovis
774 2477 955 2506 determina·
997 2479 1156 2504 momento
1166 2484 1177 2510 ;
1214 2470 1268 2501 sed
1296 2479 1335 2500 ex
1362 2470 1627 2510 trigonometricis,
1660 2479 1707 2502 est
1735 2473 1821 2504 sinus

129 2522 184 2548 tur
192 2520 298 2557 positio
314 2520 430 2549 umbrae
444 2529 536 2559 quam
547 2520 669 2558 Jupiter
678 2518 806 2558 projicit,
818 2524 846 2548 et
855 2528 887 2548 eo
902 2529 954 2549 no·
998 2516 1105 2557 anguli
1132 2516 1148 2546 1
1165 2515 1195 2545 T
1211 2514 1251 2549 E,
1275 2512 1316 2543 ad
1334 2512 1436 2542 sinum
1450 2518 1552 2542 totum
1565 2513 1627 2543 sive
1641 2514 1744 2544 sinum
1764 2525 1821 2545 an-

128 2561 211 2591 mine
224 2562 350 2591 habetur
363 2563 445 2593 Jovis
460 2562 613 2600 longitudo
627 2562 840 2591 heliocentrica.
999 2559 1067 2598 guli
1083 2558 1124 2595 E,
1147 2563 1184 2588 ut
1197 2562 1243 2586 est
1266 2555 1284 2586 1
1301 2555 1332 2585 E
1353 2554 1393 2585 ad
1410 2555 1439 2585 T
1455 2555 1483 2591 1,
1498 2565 1604 2586 rursus
1618 2557 1650 2586 in
1665 2557 1821 2597 triangulo

171 2604 190 2642 ἦ
209 2602 256 2633 Sit
273 2603 295 2633 S
312 2602 386 2640 Sol;
411 2603 440 2633 T
456 2603 606 2640 Term31
621 2603 763 2642 Jupiter3
781 2603 810 2633 L
829 2601 954 2633 Satelles
999 2601 1030 2631 Τ
1046 2601 1063 2631 1
1080 2600 1110 2631 L
1131 2605 1177 2630 est
1198 2599 1217 2629 1
1235 2598 1264 2628 L
1286 2597 1364 2639 (sive
1385 2597 1402 2627 1
1420 2597 1451 2627 E
1470 2598 1528 2636 ips1
1547 2598 1686 2639 aequalis)
1701 2598 1742 2629 ad
1757 2599 1787 2630 T
1802 2600 1821 2630 1

128 2643 196 2685 ejus
219 2654 275 2684 per
302 2644 441 2674 medium
469 2646 588 2675 umbrae
616 2645 631 2675 Ι
656 2645 686 2675 L
714 2645 882 2675 transiens:
916 2654 954 2674 ex
998 2648 1034 2673 ut
1047 2642 1134 2673 sinus
1153 2641 1261 2682 anguli
1282 2639 1430 2671 observati
1454 2640 1472 2670 1
1490 2642 1518 2671 T
1534 2640 1563 2670 L
1586 2641 1626 2671 ad
1644 2641 1747 2682 sinum
1766 2652 1821 2672 nn-

130 2685 229 2717 Terra
255 2687 285 2717 T
310 2689 485 2717 observetur
506 2687 539 2717 in
561 2687 698 2726 partibus
722 2686 956 2717 semi-diametri
997 2685 1064 2726 guli
1087 2685 1117 2715 T
1133 2685 1162 2715 L
1179 2685 1220 2722 13
1242 2683 1344 2723 itaque
1365 2687 1402 2712 ut
1420 2682 1505 2713 sinus
1519 2683 1626 2723 anguli
1648 2683 1665 2713 1
1683 2684 1713 2714 Τ
1728 2683 1759 2714 Ε
1781 2684 1822 2715 ad

127 2728 226 2766 Jovis,
248 2729 392 2759 distantia
410 2729 507 2759 centri
531 2729 619 2761 Jovis
636 2740 656 2760 a
671 2730 800 2760 satellite
822 2730 856 2759 in
884 2739 955 2759 um„
998 2728 1102 2758 sinum
1116 2733 1227 2762 totum,
1243 2725 1287 2756 ita
1300 2725 1386 2755 sinus
1399 2725 1506 2765 anguli
1531 2726 1546 2754 1
1566 2726 1595 2755 Τ
1611 2726 1640 2756 L
1661 2725 1701 2756 nd
1717 2726 1822 2756 sinum

127 2771 216 2802 hrum
230 2781 294 2802 sese
315 2772 519 2811 immergente
532 2777 564 2801 et
577 2781 615 2801 ex
629 2771 668 2802 ei
681 2778 867 2812 emergente,
889 2781 955 2800 me-
997 2769 1107 2810 nnguli
1133 2769 1163 2799 T
1179 2769 1208 2799 L
1224 2768 1243 2798 Ι
1268 2768 1331 2798 sive
1357 2767 1387 2796 T
1403 2766 1432 2796 L
1449 2768 1491 2805 S;
1513 2769 1599 2798 unde
1618 2769 1651 2798 in
1665 2768 1822 2810 triangulo

129 2811 217 2843 dium
238 2813 320 2844 inter
341 2824 391 2844 eas
413 2813 572 2844 distantias
591 2813 649 2844 erit
662 2814 805 2844 distantia
818 2825 837 2844 a
851 2820 955 2844 centro
1000 2812 1030 2843 T
1040 2812 1069 2842 L
1082 2812 1113 2848 S,
1129 2811 1254 2852 cognito
1267 2820 1322 2849 per
1332 2810 1573 2840 observation-
1586 2811 1704 2851 angulo
1719 2811 1742 2842 S
1752 2812 1782 2842 T
1791 2811 1821 2841 L

129 2853 217 2885 Jovis
234 2856 275 2886 ad
295 2856 457 2886 satellitem
478 2856 512 2884 in
525 2855 628 2885 medio
641 2858 760 2886 umbrae
778 2857 959 2886 immersum
1002 2860 1034 2884 et
1061 2854 1187 2884 invento
1216 2859 1251 2883 ut
1278 2852 1449 2883 indicatum
1473 2859 1528 2889 est,
1553 2854 1670 2893 angulo
1696 2854 1725 2884 T
1741 2854 1771 2884 L
1789 2854 1819 2888 S,

130 2895 166 2925 in
178 2898 316 2936 partibus
329 2898 562 2928 semi-diametri
575 2897 598 2929 J
599 2898 671 2934 ονίε,
694 2898 802 2928 eadem
816 2898 960 2928 distantia
1002 2897 1131 2927 habetur
1144 2895 1280 2936 angulus
1296 2895 1325 2925 T
1342 2895 1363 2924 S
1380 2894 1418 2930 L,
1440 2894 1493 2934 qui
1507 2894 1632 2925 additus
1642 2896 1692 2926 vel
1704 2895 1821 2926 detrac-

129 2937 165 2968 in
178 2939 308 2971 minutis
321 2947 352 2971 et
366 2940 508 2970 secundis
529 2940 679 2970 observari
699 2947 780 2980 potes
786 2941 819 2978 it,
841 2940 958 2980 eritque
1001 2944 1053 2969 tus
1067 2948 1084 2968 e
1099 2938 1294 2978 longitudine
1315 2936 1531 2967 heliocentrimi
1551 2937 1656 2968 Terrae
1669 2937 1723 2969 dat
1736 2939 1823 2970 Jovis

129 2989 274 3014 mensura
294 2983 403 3024 anguli
427 2983 444 3013 I
462 2983 492 3013 T
508 2982 557 3020 L;
580 2981 711 3013 ducatur
733 2983 763 3014 T
775 2983 806 3014 Ε
827 2989 959 3024 tangens
1001 2980 1247 3012 heliooentricam
1262 2979 1498 3020 longitudinem.
1546 2980 1588 3016 Q,
1605 2990 1632 3011 e.
1650 2981 1673 3012 ἰ.

929 3038 996 3068 02
