2092 3470
533 257 788 301 FLUXUS
819 251 900 300 AC
932 254 1271 300 REFLUXUS
1300 259 1522 302 MARIS.'
1787 265 1871 303 255

169 373 294 415 etiam
327 380 421 431 quae'
451 373 540 416 sola
573 374 626 416 sit
656 374 817 416 veritati
850 379 1135 423 consentanea,
1169 372 1402 427 cujusmodi
1435 380 1498 414 est
1527 372 1747 429 'gravitatio
1786 372 1871 414 tam

167 444 310 488 versus
331 444 470 488 Solem
489 444 612 501 quam
632 434 810 487 Luxiam.

221 515 252 571 §.
275 522 342 559 14.
374 517 554 559 Causam
573 517 700 574 igitur
717 515 856 559 fluxus
876 530 929 575 ac
942 514 1124 558 refluxus
1143 514 1268 556 maris
1294 514 1531 569 proximam
1549 515 1594 556 in
1613 516 1721 558 binis
1740 517 1869 559 vorti-

164 588 287 630 &a
306 589 497 631 materiae
520 588 741 645 cirili-admit
760 588 926 631 subtilis
949 586 1211 638 collocamus,
1242 601 1419 643 quorum
1446 588 1549 629 alter
1572 589 1683 630 circa
1711 589 1864 640 Solem,

163 659 269 701 alter
284 660 384 701 ‘vero
403 660 515 703 cfrca
544 661 711 703 Lunam
738 662 796 703 ita
816 662 1130 718 circumagatur,
1161 667 1209 701 ut
1238 659 1282 700 in
1302 666 1477 715 utroque
1496 661 1604 702 vires
1623 661 1866 719 centrifugae

160 728 405 773 &meant
427 732 480 773 ini
499 731 709 788 duplicata
738 733 902 775 ratione
925 731 1211 774 distantiarum
1241 745 1266 771 a
1292 737 1435 772 centro
1454 731 1644 780 vorticis3
1674 746 1768 787 quae
1795 729 1864 775 lex

158 801 220 843 vis
241 802 480 860 centrifugae
499 804 764 855 obtinebitur,
787 805 822 846 si
850 803 1034 846 materiae
1052 801 1213 844 subtilis
1233 801 1432 843 vorticem
1452 802 1736 843 constituentis
1757 803 1862 845 cele-

158 873 256 914 ritas
285 881 486 916 statuatur
514 883 655 917 tenere
682 876 885 917 rationem
905 870 1158 929 reciprocam
1179 865 1509 928 subduplicatam
1528 873 1818 915 distantiarum
1838 891 1863 916 a

156 954 299 987 centro
319 947 497 988 vorticis.
560 948 834 1005 Quaecunque
862 948 990 1005 igitur
1017 962 1194 1003 corpora
1222 948 1266 988 in
1294 947 1527 989 istiusmodi
1551 948 1706 990 vortice
1726 949 1862 1003 posita

155 1017 209 1058 ad
238 1018 325 1073 ejus
355 1027 542 1060 centrum
570 1020 776 1075 pellentur
802 1020 844 1061 vi
872 1020 1168 1069 acceleratrice,
1197 1034 1291 1075 quae
1309 1019 1464 1074 pariter
1483 1033 1532 1059 ac
1550 1018 1611 1060 vis
1632 1018 1861 1076 centrifuga

154 1091 364 1146 quadratis
392 1092 677 1134 distantiarum
697 1092 908 1148 reciproce
935 1101 997 1134 est
1025 1091 1357 1148 proportionalis.
1419 1090 1500 1132 Vis'
1515 1091 1702 1132 absoluta
1722 1100 1859 1134 autem

153 1161 233 1219 quii
263 1178 412 1219 corpus
441 1165 665 1220 quodpiam
693 1165 738 1206 iu
765 1164 860 1207 data
895 1164 1088 1206 distantia
1119 1179 1143 1205 a
1170 1172 1312 1205 centro
1342 1163 1505 1204 vorticis
1535 1163 1780 1204 collocatum
1807 1163 1858 1205 εὸ

150 1242 335 1290 urgetur,
356 1235 511 1290 pendet
530 1251 556 1277 a
575 1235 782 1278 celeritate
802 1236 985 1277 materiae
1005 1235 1166 1277 subtilis
1186 1234 1386 1276 absoluta.
1433 1234 1498 1276 Ac
1516 1233 1661 1289 primo·
1674 1235 1854 1291 quidem,

150 1307 263 1362 quod
292 1307 346 1348 ad
374 1309 573 1350 vorticem
602 1309 711 1350 circa
741 1309 881 1351 Solem
899 1316 1079 1350 rotatum
1099 1308 1255 1358 attinet,
1286 1305 1373 1363 ejus
1392 1306 1454 1348 vis
1474 1306 1661 1348 absoluta
1680 1322 1734 1349 ex
1752 1315 1855 1349 tem-

148 1392 252 1433 pore
287 1379 433 1421 Terrae
465 1381 678 1436 periodico
711 1397 806 1424 cum
841 1381 1032 1423 distantia
1067 1381 1251 1437 ejusdem
1285 1397 1311 1422 a
1346 1381 1442 1423 Sole
1472 1389 1711 1436 comparato
1741 1389 1856 1423 tanta

150 1451 370 1509 colligitur,
402 1460 449 1494 ut
478 1468 641 1509 corpus,
673 1455 787 1510 cujus
818 1454 1010 1496 distantia
1029 1469 1054 1495 a
1074 1461 1216 1495 centro
1245 1453 1353 1495 Solis
1373 1452 1543 1509 aequalis
1563 1461 1626 1494 est
1644 1453 1854 1494 semi—dia-

146 1533 280 1565 metro
313 1525 471 1576 Terrae,
507 1526 558 1568 eo
592 1526 832 1568 sollicitetur
864 1528 918 1577 vi,
956 1541 1050 1583 quae
1083 1526 1135 1567 sit
1170 1530 1339 1570 227512
1369 1525 1525 1566 vicibus
1553 1526 1696 1580 major,
1715 1525 1854 1580 >quam

150 1603 211 1636 est
238 1596 420 1652 gravitas
449 1597 647 1639 naturalis
667 1598 710 1638 in
731 1598 947 1653 superficie
968 1598 1128 1639 Terrae.
1190 1597 1418 1639 Metiemur
1438 1605 1574 1639 autem
1593 1597 1702 1638 hanc
1721 1598 1854 1652 ipsam

145 1681 229 1707 vnn
258 1668 490 1710 absolutam
519 1671 716 1726 cujusque
744 1671 923 1720 vorticis,
954 1685 1029 1725 per
1059 1669 1154 1720 vim,
1187 1683 1311 1725 quam
1341 1669 1450 1710 idem
1476 1677 1622 1710 vortex
1649 1669 1782 1710 exerit
1809 1669 1854 1710 in

145 1738 336 1782 distantia
353 1757 378 1782 a
393 1757 468 1783 suo
489 1741 631 1784 centro
651 1743 975 1785 semi-diametro
991 1743 1138 1785 Terrae
1153 1743 1324 1798 aequali:
1347 1758 1399 1784 ex
1415 1758 1498 1799 quo
1512 1743 1547 1784 si
1562 1744 1624 1784 vis
1639 1744 1851 1800 gravitatis

144 1814 347 1855 terrestris
376 1814 614 1871 designetur
641 1830 718 1871 per
750 1821 787 1866 1,
821 1816 899 1857 erit
918 1815 978 1856 vis
998 1815 1186 1856 absoluta
1211 1814 1318 1856 Solis
1355 1831 1397 1852 =
1424 1819 1606 1866 227512,
1639 1816 1754 1871 cujus
1774 1831 1851 1858 nu-

143 1886 249 1926 meri
276 1886 373 1927 loco
401 1887 611 1929 brevitatis
641 1889 772 1945 gratia
800 1898 964 1931 utemur
993 1887 1128 1930 littera
1163 1889 1206 1930 S.
1268 1888 1400 1930 Simili
1428 1889 1554 1930 modo
1580 1890 1663 1930 vim
1684 1891 1850 1932 vorticis

145 1956 311 1997 Lunam
341 1957 542 2013 cingentis
572 1959 800 2000 absolutam
830 1959 1101 2000 indicabimus
1130 1958 1264 1999 littera
1296 1959 1348 2008 L,
1379 1959 1493 2013 cujus
1513 1959 1695 2001 valorem
1726 1961 1851 2003 New-

141 2041 264 2071 tonus
294 2030 406 2072 recte
437 2030 533 2072 cum
562 2047 615 2073 ex
644 2033 735 2087 ipso
764 2033 881 2074 fluxu
911 2047 958 2073 ac
988 2033 1150 2073 refluxu
1179 2030 1316 2079 maris,
1342 2028 1431 2070 tum
1452 2029 1582 2069 'etiam'
1600 2045 1653 2070 ex
1672 2045 1850 2085 praeces-

141 2100 256 2141 sione
289 2101 630 2156 aequinoctiorum
663 2102 922 2143 constituisse
951 2101 1113 2142 videtur
1140 2099 1300 2141 circiter
1337 2099 1402 2150 25¹6·
1464 2097 1608 2146 Quare
1635 2099 1681 2149 si,
1712 2101 1848 2154 posita

141 2172 287 2214 Terrae
317 2174 642 2216 semi-diametro
680 2191 721 2213 =
752 2181 789 2225 l,
822 2172 1250 2231 corporis-cujusdam
1278 2186 1303 2211 a
1332 2177 1476 2211 centro
1499 2169 1606 2211 Solis
1626 2170 1692 2211 vel
1711 2171 1847 2213 Lunae

139 2243 333 2286 distantia
351 2245 477 2287 fuerit
494 2261 538 2296 x,
570 2246 649 2287 erit
668 2247 742 2297 vis,
775 2245 855 2302 qua
876 2246 918 2287 id
940 2237 1090 2300 corpus
1110 2244 1175 2285 vel
1195 2243 1248 2284 ad
1271 2242 1409 2284 Solem
1431 2241 1672 2283 sollicitatur
1698 2244 1764 2285 vel
1794 2245 1848 2286 ad

138 2341 316 2393 Lunam,
337 2344 404 2386 vel
431 2361 472 2382 =
501 2319 567 2383 J:
589 2344 655 2386 vel
681 2361 723 2382 =
773 2320 802 2361 S
868 2345 928 2386 uti
954 2359 1008 2385 ex
1036 2343 1176 2384 indole
1201 2340 1352 2383 horum
1373 2339 1575 2381 vorticum
1594 2355 1728 2395 prona
1746 2357 1847 2383 con-

755 2374 836 2395 -2

498 2401 528 2427 x
541 2402 571 2427 x
753 2402 824 2428 xx

138 2458 348 2512 sequentia
379 2459 482 2500 fluit.
544 2459 595 2500 In
633 2459 698 2500 his
734 2459 900 2515 quidem
934 2458 1163 2499 litterarum
1206 2456 1236 2497 S
1274 2462 1316 2496 et
1354 2453 1394 2495 L
1422 2453 1843 2498 >determinationibus

138 2530 404 2571 assumsimus
433 2530 614 2572 mediam
645 2531 752 2573 Solis
783 2547 808 2572 a
836 2531 970 2571 Terra
998 2528 1234 2570 distantiam
1264 2531 1405 2568 20620
1426 2525 1844 2570 semi-diametrorum

138 2599 296 2649 Terrae,
329 2615 422 2655 quae
451 2617 503 2643 ex
531 2602 733 2657 parallaxi
762 2602 1006 2643 horizontali
1040 2602 1118 2643 10⁹
1145 2600 1341 2655 sequitur,
1373 2599 1508 2639 Lunae
1528 2598 1627 2639 vero
1656 2614 1680 2639 a
1702 2600 1843 2648 ¹Terra

135 2669 371 2711 distantiam
391 2672 568 2713 mediam
598 2679 653 2721 60
683 2674 1099 2714 semi-diametrorum
1119 2671 1264 2712 Terrae
1279 2685 1290 2719 3
1320 2669 1484 2710 interim
1504 2676 1642 2710 tamen
1662 2670 1767 2712 vires
1782 2669 1839 2714 'ad

135 2756 249 2782 mare
268 2742 519 2784 movendum
547 2744 645 2786 hinc
665 2754 768 2787 ortae
789 2745 841 2786 ab
861 2745 924 2786 his
944 2735 1243 2800 hypothesibus
1263 2755 1348 2782 non
1367 2740 1562 2796 pendent,
1586 2741 1649 2782 uti
1666 2757 1840 2799 sequen-

133 2813 243 2855 tibus
263 2814 432 2870 patebit.

192 2890 223 2940 §.
249 2893 314 2929 15.
352 2888 564 2937 Quoniam
596 2891 722 2946 igitur
755 2902 903 2935 aestum
933 2892 1057 2934 maris
1090 2906 1164 2948 per
1197 2891 1315 2932 binas
1346 2890 1467 2939 vires,
1502 2905 1676 2946 quarum
1711 2888 1839 2934 altera

136 2957 275 3000 Solem
304 2961 483 3016 respicit,
516 2961 644 3003 altera
673 2964 850 3016 Lunam,
882 2981 1024 3007 sumus
1054 2963 1295 3019 exposituri,
1327 2961 1444 3002 facile
1462 2961 1594 3003 videri
1623 2977 1836 3017 possemus

132 3030 307 3072 eandem
335 3033 504 3074 omnino
535 3034 849 3088 explicationem
879 3021 1099 3093 suscipere,
1130 3052 1254 3093 quam
1284 3035 1510 3077 Newtonus
1536 3035 1652 3077 dedit
1680 3037 1724 3077 in
1753 3038 1835 3079 suis

136 3100 356 3156 Principiis
388 3103 694 3147 Mathematicis
726 3107 1006 3163 Philosophiae
1038 3107 1260 3151 Naturalis.
1321 3103 1508 3147 Primum
1529 3114 1667 3148 autem
1688 3115 1834 3147 notan-

952 3179 981 3208 T
998 3182 1016 3207 2
