2092 3470
570 205 823 250 FLUXUS
851 206 934 249 Ac
959 195 1297 248 REFLUXUS
1327 203 1538 251 MARIS.
1795 210 1879 252 277

706 447 936 497 CAPUT
970 447 1340 506 QUARTUM.

280 601 361 649 De
382 603 538 650 Fluxa
559 620 613 651 ac
634 605 835 668 Rffluoeu
859 606 1022 654 Maris
1042 606 1083 653 εἰ
1103 620 1223 668 aqua
1245 604 1365 652 omni
1392 604 1560 673 inergid
1579 615 1771 655 careret.

172 768 206 819 §.
236 771 304 809 46.
353 749 499 824 QUAE
528 768 572 808 in
603 766 750 822 Capite
777 766 1039 822 praecedente
1068 772 1165 807 sunt
1194 765 1346 807 tradita
1374 765 1600 822 respiciunt
1629 766 1879 823 hypothesin

173 847 410 891 assumtam,
433 839 515 896 qua
538 839 680 881 Solem
699 853 748 880 ac
768 839 934 885 Lunam
952 844 1143 893 respectu
1165 837 1312 879 Terrae
1337 835 1540 893 perpetuo
1559 837 1736 879 eundem
1756 839 1880 881 situm

170 918 312 954 tenere
329 913 542 968 posuimus
554 928 566 962 ;
597 913 738 968 ibique
766 910 975 967 praecipue
1004 919 1155 953 statum
1182 911 1416 968 aequilibrii,
1438 912 1492 953 ad
1512 927 1637 969 quem
1657 927 1836 954 oceanus
1855 929 1880 954 a

169 981 325 1024 viribus
349 983 455 1025 Solis
476 991 518 1025 et
538 983 674 1025 Lunae
701 983 966 1038 perducatur,
996 983 1372 1025 determinavimus.
1433 983 1583 1041 Longe
1603 984 1721 1025 aliter
1741 992 1879 1025 autem

170 1068 214 1095 se
233 1069 299 1095 res
319 1055 459 1106 habet,
482 1056 516 1097 si
535 1063 621 1097 tam
643 1055 766 1097 Luna
786 1063 827 1097 et
850 1056 922 1098 Sol
952 1055 1075 1112 quam
1097 1056 1234 1098 Terra
1252 1057 1296 1098 in
1314 1065 1475 1099 motum
1495 1054 1764 1108 collocentur,
1796 1072 1879 1113 quo

168 1141 266 1167 casu
286 1127 341 1168 ob
359 1136 604 1183 perpetuam
623 1127 724 1170 sitfis
744 1128 904 1170 relativi
922 1129 1193 1170 mutationem
1212 1142 1425 1185 nunquam
1440 1129 1718 1185 aequilibrium
1733 1129 1878 1170 adesse

166 1199 340 1254 poterit3
370 1198 466 1241 cum
496 1200 605 1242 enim
634 1207 821 1255 tempore
850 1215 954 1256 opus
984 1200 1048 1250 sit,
1077 1215 1162 1256 quo
1181 1199 1279 1241 data
1297 1200 1359 1241 vis
1378 1200 1522 1241 datum
1543 1214 1694 1255 corpus
1713 1206 1769 1241 ad
1787 1215 1878 1241 mo-

166 1276 256 1311 tum
284 1270 498 1325 perducat,
528 1271 685 1326 duplici
713 1270 840 1312 modo
870 1278 1000 1312 status
1027 1270 1170 1312 oceani
1198 1271 1429 1328 assignatus
1448 1287 1474 1313 a
1492 1286 1592 1313 vero
1611 1271 1875 1327 discrepabit.

169 1341 360 1398 Namque
378 1342 514 1398 primo
535 1358 642 1399 aqua
663 1343 808 1399 quovis
836 1351 1048 1385 momento
1068 1343 1111 1384 in
1131 1357 1226 1384 eum
1239 1343 1458 1399 aequilibrii
1479 1343 1616 1394 situm,
1635 1358 1757 1399 quem
1774 1342 1880 1384 vires

168 1413 430 1455 sollicitantes
450 1414 682 1464 intendunt,
703 1415 921 1469 pervenire
940 1429 1026 1455 non
1052 1414 1219 1470 poterit,
1251 1414 1325 1456 sed
1354 1422 1515 1456 tantum
1535 1414 1589 1456 ad
1610 1429 1706 1456 eum
1725 1429 1876 1470 appro-

165 1483 383 1540 pinquabit
411 1484 634 1534 continuem
666 1484 817 1526 deinde
845 1485 1006 1526 etiamsi
1033 1485 1078 1526 in
1105 1485 1240 1540 ipsum
1260 1485 1480 1542 aequffibrii
1500 1485 1626 1527 situm
1650 1485 1878 1541 perveniat,

166 1553 211 1594 in
241 1569 291 1596 eo
319 1562 458 1596 tamen
478 1571 564 1597 non
584 1556 827 1612 acquiescet,
859 1555 932 1597 sed
956 1565 1072 1598 motu
1095 1557 1185 1613 jam
1205 1564 1407 1612 concepto
1426 1555 1598 1598 ulterius
1618 1555 1785 1607 feretur,
1817 1556 1879 1598 uti

167 1638 222 1666 ex
250 1624 400 1666 natura
431 1625 568 1667 motus
599 1625 764 1667 abunde
797 1633 971 1667 constat.
1034 1626 1176 1682 Hujus
1205 1634 1343 1667 autem
1369 1626 1584 1681 utriusque
1610 1625 1881 1667 aberrationis

166 1695 272 1736 ratio
300 1695 346 1737 in
374 1695 521 1737 inertia
550 1710 668 1752 aquae
689 1704 750 1738 est
767 1697 918 1751 posita,
949 1695 1031 1753 qua
1052 1696 1101 1737 fit
1119 1704 1166 1738 ut
1184 1711 1293 1752 aqua
1310 1710 1389 1738 nec
1408 1695 1548 1738 subito
1578 1696 1622 1737 in
1642 1711 1738 1738 eum
1757 1696 1881 1738 situm

167 1779 210 1807 se
231 1765 426 1818 conferat,
447 1767 492 1807 in
511 1782 595 1823 quo
614 1781 710 1808 cum
728 1767 884 1808 viribus
904 1767 1026 1810 datur
1046 1767 1336 1824 aequilibrium,
1367 1782 1446 1809 nec
1465 1766 1562 1809 cum
1580 1767 1694 1810 hunc
1714 1767 1874 1825 aequili-

166 1836 247 1878 brii
272 1837 396 1878 situm
415 1838 607 1894 attigerit,
638 1838 697 1879 ibi
726 1839 920 1894 quiescat.
982 1839 1191 1888 Quocirca
1217 1853 1271 1881 ne
1301 1839 1589 1882 difficultatum
1607 1840 1875 1882 multitudine

170 1909 409 1960 obruamur,
440 1925 590 1966 aquam
619 1911 733 1952 omni
761 1911 907 1953 inertia
939 1921 1147 1954 carentem
1175 1928 1445 1964 assumamuS,
1474 1914 1557 1955 hoc
1580 1922 1643 1956 est
1671 1914 1788 1956 istius
1815 1914 1879 1955 in-

167 1979 288 2030 dolis,
318 1986 366 2021 ut
392 1994 479 2021 non
508 1979 642 2022 solum
671 1982 815 2037 quovis
833 1991 1043 2024 momento
1065 1998 1108 2024 se
1137 1984 1181 2024 in
1201 1991 1355 2025 statum
1375 1984 1595 2040 aequilibrii
1614 1984 1750 2026 subito
1772 1985 1876 2026 reci-

167 2051 267 2108 piat,
299 2050 373 2093 sed
401 2051 459 2092 ibi
488 2051 612 2092 etiam
631 2066 797 2094 omnem
816 2060 976 2095 motum
994 2053 1163 2095 insitum
1182 2053 1432 2110 deponendo
1450 2062 1704 2110 permaneat,
1734 2071 1879 2112 quam-

168 2124 241 2166 diu
259 2125 336 2166 iste
356 2125 456 2166 situs
475 2125 632 2167 viribus
648 2125 960 2167 sollicitantibus
982 2126 1210 2168 conveniat.
1253 2125 1352 2168 Hac
1367 2127 1504 2183 itaque
1517 2126 1624 2168 facta
1639 2127 1870 2183 hypothesi,

168 2195 432 2250 perspicuum
468 2203 530 2237 est
558 2209 708 2251 aquam
736 2196 879 2251 quovis
908 2196 1105 2251 temporis
1136 2205 1347 2238 momento
1375 2197 1418 2237 in
1448 2211 1498 2238 eo
1533 2196 1624 2252 ipso
1650 2205 1759 2239 statu
1783 2197 1871 2239 fore

169 2267 446 2317 constitutam,
469 2267 540 2323 qui
569 2265 798 2316 secundum
825 2276 1034 2324 praecepta
1066 2268 1225 2324 Capitis
1247 2267 1520 2324 praecedentis
1550 2269 1748 2324 positioni
1779 2268 1877 2311 cum·

172 2338 279 2381 Solis
299 2337 389 2381 tum
410 2338 545 2380 Lunae
565 2339 827 2395 respondeat.

225 2412 256 2463 §.
276 2414 346 2455 47.
378 2409 442 2454 Ut
470 2409 597 2467 igitur
626 2409 670 2451 in
698 2409 778 2451 hac
806 2410 1040 2467 hypothesi,
1072 2410 1154 2468 qua
1182 2426 1296 2454 mare
1316 2412 1376 2454 vis
1404 2412 1566 2455 inertiae
1585 2428 1735 2469 expers
1754 2420 1875 2469 poni-

168 2495 274 2532 muS,
302 2497 380 2537 pro
409 2482 552 2540 quovis
581 2482 674 2524 loco
694 2483 749 2524 ad
769 2483 942 2540 quodvis
962 2482 1125 2540 teinpus
1145 2492 1297 2527 statum
1316 2486 1440 2528 maris
1470 2485 1595 2543 quam
1624 2486 1875 2529 commodis-

169 2554 270 2596 sime
290 2543 546 2607 definiamus,
577 2555 759 2612 primum
779 2557 909 2598 solam
931 2557 1096 2600 Lunam
1115 2558 1481 2610 considerabimus,
1514 2558 1610 2602 cum
1632 2559 1677 2600 in
1699 2558 1747 2600 ea
1767 2573 1876 2614 prae-

169 2627 291 2682 cipua
324 2626 446 2669 aestfis
479 2628 604 2670 maris
638 2644 762 2671 causa
795 2630 1066 2682 contineatur,
1101 2639 1225 2688 atque
1257 2640 1343 2673 tam
1369 2633 1508 2674 fluxus
1538 2646 1662 2689 quam
1691 2632 1874 2673 refluxus

168 2697 294 2738 maris
323 2712 348 2738 a
376 2697 551 2739 transitu
579 2690 715 2741 Lun‘ae
742 2714 819 2756 per
847 2700 1122 2743 meridianum
1141 2702 1372 2757 computari
1391 2703 1542 2744 soleat:
1574 2701 1689 2758 quod
1708 2701 1873 2748 sienim

169 2768 306 2812 Lunae
326 2769 494 2812 effectus
514 2760 753 2825 innotuerit,
771 2788 856 2814 non
877 2772 1012 2816 solum
1034 2774 1141 2817 Solis
1156 2774 1323 2816 effectus
1339 2789 1504 2831 quoque
1523 2773 1690 2816 mutatis
1709 2781 1868 2815 mutan·

170 2840 232 2883 dis
265 2841 492 2898 colligetur,
529 2842 603 2884 sed
636 2843 759 2885 etiam
789 2844 970 2896 effectus,
1003 2845 1075 2902 qui
1113 2845 1166 2887 ab
1205 2845 1404 2886 ambobus
1438 2845 1710 2887 luminaribus
1744 2845 1866 2886 simul

170 2912 386 2969 agentibus
405 2911 692 2967 proficiscitur.
732 2915 974 2970 Propositus
990 2916 1117 2973 igitur
1132 2917 1183 2957 sit
1198 2916 1343 2958 Terrae
1362 2916 1476 2957 locus
1491 2916 1736 2973 quicunque,
1756 2916 1871 2971 cujus

169 2983 213 3023 in
234 2982 338 3024 coelo
358 2982 496 3024 zenith
517 2983 569 3023 sit
591 2983 638 3034 Z,
659 2983 831 3026 horizon
850 2986 899 3028 H
913 2987 957 3036 Q
971 2986 1013 3028 O
1029 2995 1070 3028 et
1093 2987 1128 3028 P
1142 2986 1267 3041 polus
1287 2986 1475 3037 borealis,
1497 2986 1555 3028 ita
1570 2994 1615 3028 ut
1633 3001 1752 3028 arcus
1775 2987 1810 3027 P
1831 2986 1871 3027 O

171 3055 224 3097 sit
243 3054 364 3111 hujus
384 3056 465 3097 loci
486 3056 658 3098 elevatio
676 3057 775 3111 poli,
798 3066 838 3099 et
858 3059 1034 3100 circulus
1057 3059 1092 3100 P
1107 3060 1140 3100 Z
1157 3059 1204 3100 H
1222 3058 1262 3099 N
1282 3058 1322 3100 O
1343 3058 1604 3100 meridianus.
1668 3059 1730 3100 Sit
1747 3057 1874 3113 porro
