<?xml version="1.0" encoding="UTF-8"?>
<!DOCTYPE html PUBLIC "-//W3C//DTD XHTML 1.0 Transitional//EN"
    "http://www.w3.org/TR/xhtml1/DTD/xhtml1-transitional.dtd">
<html xmlns="http://www.w3.org/1999/xhtml" xml:lang="en" lang="en">
 <head>
  <title>
</title>
<meta http-equiv="Content-Type" content="text/html;charset=utf-8" />
  <meta name='ocr-system' content='tesseract 3.04.00' />
  <meta name='ocr-capabilities' content='ocr_page ocr_carea ocr_par ocr_line ocrx_word'/>
</head>
<body>
  <div class='ocr_page' id='page_1' title='image "./philosophiaenatu03newtuoft_0090.png"; bbox 0 0 2092 3470; ppageno 0'>
   <div class='ocr_carea' id='block_1_1' title="bbox 246 194 1932 285">
    <p class='ocr_par' dir='ltr' id='par_1_1' title="bbox 246 194 1932 285">
     <span class='ocr_line' id='line_1_1' title="bbox 246 194 1932 285; baseline 0.002 -15"><span class='ocrx_word' id='word_1_1' title='bbox 246 235 300 270; x_wconf 80' lang='lat'><strong>42</strong></span> <span class='ocrx_word' id='word_1_2' title='bbox 642 231 1088 274; x_wconf 89' lang='lat' dir='ltr'>PHILOSOPHIAE</span> <span class='ocrx_word' id='word_1_3' title='bbox 1119 228 1496 276; x_wconf 78' lang='lat' dir='ltr'>NATURALIS‘</span> <span class='ocrx_word' id='word_1_4' title='bbox 1519 232 1613 285; x_wconf 70' lang='lat' dir='ltr'><strong>[DE</strong></span> <span class='ocrx_word' id='word_1_5' title='bbox 1630 194 1792 275; x_wconf 70' lang='lat' dir='ltr'><strong>Mona.</strong></span> <span class='ocrx_word' id='word_1_6' title='bbox 1811 233 1932 276; x_wconf 60' lang='lat' dir='ltr'><strong>Siss‘r.</strong></span> 
     </span>
    </p>
   </div>
   <div class='ocr_carea' id='block_1_2' title="bbox 242 342 1954 1608">
    <p class='ocr_par' dir='ltr' id='par_1_2' title="bbox 242 342 1954 1608">
     <span class='ocr_line' id='line_1_2' title="bbox 246 342 1933 402; baseline 0.001 -17"><span class='ocrx_word' id='word_1_7' title='bbox 246 358 301 385; x_wconf 85' lang='lat' dir='ltr'><strong>ex</strong></span> <span class='ocrx_word' id='word_1_8' title='bbox 321 342 439 399; x_wconf 66' lang='lat' dir='ltr'><strong>aqua,</strong></span> <span class='ocrx_word' id='word_1_9' title='bbox 470 343 638 384; x_wconf 87' lang='lat' dir='ltr'><strong>materia</strong></span> <span class='ocrx_word' id='word_1_10' title='bbox 659 345 791 385; x_wconf 87' lang='lat' dir='ltr'><strong>omnis</strong></span> <span class='ocrx_word' id='word_1_11' title='bbox 811 347 988 402; x_wconf 81' lang='lat' dir='ltr'><strong>gravior,</strong></span> <span class='ocrx_word' id='word_1_12' title='bbox 1020 361 1101 401; x_wconf 92' lang='lat' dir='ltr'><strong>quo</strong></span> <span class='ocrx_word' id='word_1_13' title='bbox 1121 355 1306 401; x_wconf 82' lang='lat' dir='ltr'><strong>tempore</strong></span> <span class='ocrx_word' id='word_1_14' title='bbox 1327 362 1461 388; x_wconf 83' lang='lat' dir='ltr'><strong>massa</strong></span> <span class='ocrx_word' id='word_1_15' title='bbox 1479 348 1606 389; x_wconf 88' lang='lat' dir='ltr'><strong>fluida</strong></span> <span class='ocrx_word' id='word_1_16' title='bbox 1625 355 1724 398; x_wconf 84' lang='lat' dir='ltr'><strong>erat,</strong></span> <span class='ocrx_word' id='word_1_17' title='bbox 1747 355 1933 389; x_wconf 90' lang='lat' dir='ltr'><strong>centrum</strong></span> 
     </span>
     <span class='ocr_line' id='line_1_3' title="bbox 246 413 1935 475; baseline 0.001 -19"><span class='ocrx_word' id='word_1_18' title='bbox 246 415 424 469; x_wconf 86' lang='lat' dir='ltr'><strong>petebat.</strong></span> <span class='ocrx_word' id='word_1_19' title='bbox 486 413 611 456; x_wconf 89' lang='lat' dir='ltr'>Unde</span> <span class='ocrx_word' id='word_1_20' title='bbox 640 413 734 455; x_wconf 76' lang='lat' dir='ltr'><strong>cum</strong></span> <span class='ocrx_word' id='word_1_21' title='bbox 764 416 897 456; x_wconf 87' lang='lat' dir='ltr'><strong>Terra</strong></span> <span class='ocrx_word' id='word_1_22' title='bbox 927 418 1154 456; x_wconf 90' lang='lat' dir='ltr'><strong>communis</strong></span> <span class='ocrx_word' id='word_1_23' title='bbox 1185 431 1373 471; x_wconf 90' lang='lat' dir='ltr'><strong>suprema</strong></span> <span class='ocrx_word' id='word_1_24' title='bbox 1402 418 1517 473; x_wconf 80' lang='lat' dir='ltr'>quasi</span> <span class='ocrx_word' id='word_1_25' title='bbox 1542 418 1670 473; x_wconf 91' lang='lat' dir='ltr'><strong>duplo</strong></span> <span class='ocrx_word' id='word_1_26' title='bbox 1698 418 1861 475; x_wconf 86' lang='lat' dir='ltr'><strong>gravior</strong></span> <span class='ocrx_word' id='word_1_27' title='bbox 1883 418 1935 465; x_wconf 83' lang='lat' dir='ltr'><strong>sit</strong></span> 
     </span>
     <span class='ocr_line' id='line_1_4' title="bbox 247 484 1935 543; baseline 0.002 -18"><span class='ocrx_word' id='word_1_28' title='bbox 247 484 372 540; x_wconf 75' lang='lat' dir='ltr'><strong>quam</strong></span> <span class='ocrx_word' id='word_1_29' title='bbox 406 499 523 539; x_wconf 89' lang='lat' dir='ltr'><strong>aqua,</strong></span> <span class='ocrx_word' id='word_1_30' title='bbox 555 492 596 526; x_wconf 90' lang='lat' dir='ltr'><strong>et</strong></span> <span class='ocrx_word' id='word_1_31' title='bbox 622 484 747 539; x_wconf 76' lang='lat' dir='ltr'><strong>paulo</strong></span> <span class='ocrx_word' id='word_1_32' title='bbox 776 485 943 526; x_wconf 75' lang='lat' dir='ltr'><strong>inferius</strong></span> <span class='ocrx_word' id='word_1_33' title='bbox 974 486 1016 525; x_wconf 92' lang='lat' dir='ltr'><strong>in</strong></span> <span class='ocrx_word' id='word_1_34' title='bbox 1045 486 1195 526; x_wconf 87' lang='lat' dir='ltr'><strong>fodinis</strong></span> <span class='ocrx_word' id='word_1_35' title='bbox 1226 488 1340 541; x_wconf 89' lang='lat' dir='ltr'>quasi</span> <span class='ocrx_word' id='word_1_36' title='bbox 1364 487 1488 541; x_wconf 88' lang='lat' dir='ltr'><strong>triplo</strong></span> <span class='ocrx_word' id='word_1_37' title='bbox 1517 489 1581 528; x_wconf 91' lang='lat' dir='ltr'><strong>vel</strong></span> <span class='ocrx_word' id='word_1_38' title='bbox 1608 488 1838 543; x_wconf 87' lang='lat' dir='ltr'><strong>quadruplo</strong></span> <span class='ocrx_word' id='word_1_39' title='bbox 1864 495 1935 528; x_wconf 88' lang='lat' dir='ltr'><strong>aut</strong></span> 
     </span>
     <span class='ocr_line' id='line_1_5' title="bbox 246 554 1934 613; baseline 0.002 -19"><span class='ocrx_word' id='word_1_40' title='bbox 246 555 369 594; x_wconf 86' lang='lat' dir='ltr'><strong>etiam</strong></span> <span class='ocrx_word' id='word_1_41' title='bbox 398 554 615 609; x_wconf 92' lang='lat' dir='ltr'><strong>quintuplo</strong></span> <span class='ocrx_word' id='word_1_42' title='bbox 643 555 808 610; x_wconf 86' lang='lat' dir='ltr'><strong>gravior</strong></span> <span class='ocrx_word' id='word_1_43' title='bbox 837 555 1086 609; x_wconf 83' lang='lat' dir='ltr'><strong>reperiatur:</strong></span> <span class='ocrx_word' id='word_1_44' title='bbox 1128 557 1345 597; x_wconf 89' lang='lat' dir='ltr'><strong>verisimile</strong></span> <span class='ocrx_word' id='word_1_45' title='bbox 1375 565 1437 597; x_wconf 90' lang='lat' dir='ltr'><strong>est</strong></span> <span class='ocrx_word' id='word_1_46' title='bbox 1466 557 1577 612; x_wconf 74' lang='lat' dir='ltr'><strong>quod</strong></span> <span class='ocrx_word' id='word_1_47' title='bbox 1607 559 1725 613; x_wconf 84' lang='lat' dir='ltr'><strong>copia</strong></span> <span class='ocrx_word' id='word_1_48' title='bbox 1752 558 1934 600; x_wconf 84' lang='lat' dir='ltr'><strong>materioe</strong></span> 
     </span>
     <span class='ocr_line' id='line_1_6' title="bbox 246 625 1935 684; baseline 0.002 -18"><span class='ocrx_word' id='word_1_49' title='bbox 246 626 369 667; x_wconf 91' lang='lat' dir='ltr'><strong>totius</strong></span> <span class='ocrx_word' id='word_1_50' title='bbox 398 626 441 666; x_wconf 91' lang='lat' dir='ltr'><strong>in</strong></span> <span class='ocrx_word' id='word_1_51' title='bbox 467 625 599 667; x_wconf 68' lang='lat' dir='ltr'><strong>Terra</strong></span> <span class='ocrx_word' id='word_1_52' title='bbox 627 627 742 682; x_wconf 91' lang='lat' dir='ltr'><strong>quasi</strong></span> <span class='ocrx_word' id='word_1_53' title='bbox 771 627 987 683; x_wconf 87' lang='lat' dir='ltr'><strong>quintuplo</strong></span> <span class='ocrx_word' id='word_1_54' title='bbox 1014 627 1080 667; x_wconf 86' lang='lat' dir='ltr'><strong>vel</strong></span> <span class='ocrx_word' id='word_1_55' title='bbox 1111 628 1300 681; x_wconf 83' lang='lat' dir='ltr'><strong>sextuplo</strong></span> <span class='ocrx_word' id='word_1_56' title='bbox 1327 629 1460 682; x_wconf 83' lang='lat' dir='ltr'><strong>major</strong></span> <span class='ocrx_word' id='word_1_57' title='bbox 1488 629 1540 669; x_wconf 81' lang='lat' dir='ltr'><strong>sit</strong></span> <span class='ocrx_word' id='word_1_58' title='bbox 1565 627 1688 684; x_wconf 67' lang='lat' dir='ltr'><strong>queim</strong></span> <span class='ocrx_word' id='word_1_59' title='bbox 1714 631 1749 670; x_wconf 93' lang='lat' dir='ltr'><strong>si</strong></span> <span class='ocrx_word' id='word_1_60' title='bbox 1777 637 1864 670; x_wconf 87' lang='lat' dir='ltr'><strong>tota</strong></span> <span class='ocrx_word' id='word_1_61' title='bbox 1881 643 1935 669; x_wconf 88' lang='lat' dir='ltr'><strong>ex</strong></span> 
     </span>
     <span class='ocr_line' id='line_1_7' title="bbox 245 697 1935 754; baseline 0.002 -15"><span class='ocrx_word' id='word_1_62' title='bbox 245 698 348 754; x_wconf 67' lang='lat' dir='ltr'><strong>aqua</strong></span> <span class='ocrx_word' id='word_1_63' title='bbox 379 706 604 747; x_wconf 84' lang='lat' dir='ltr'><strong>constaret3</strong></span> <span class='ocrx_word' id='word_1_64' title='bbox 634 698 864 752; x_wconf 82' lang='lat' dir='ltr'><strong>praesertim</strong></span> <span class='ocrx_word' id='word_1_65' title='bbox 893 697 987 738; x_wconf 76' lang='lat' dir='ltr'><strong>cum</strong></span> <span class='ocrx_word' id='word_1_66' title='bbox 1015 698 1191 739; x_wconf 86' lang='lat' dir='ltr'><strong>Terram</strong></span> <span class='ocrx_word' id='word_1_67' title='bbox 1211 699 1327 754; x_wconf 83' lang='lat' dir='ltr'><strong>quasi</strong></span> <span class='ocrx_word' id='word_1_68' title='bbox 1348 700 1578 754; x_wconf 87' lang='lat' dir='ltr'><strong>quadruplo</strong></span> <span class='ocrx_word' id='word_1_69' title='bbox 1598 701 1828 742; x_wconf 89' lang='lat' dir='ltr'><strong>densiorem</strong></span> <span class='ocrx_word' id='word_1_70' title='bbox 1849 716 1935 742; x_wconf 89' lang='lat' dir='ltr'><strong>esse</strong></span> 
     </span>
     <span class='ocr_line' id='line_1_8' title="bbox 245 767 1935 826; baseline 0.002 -17"><span class='ocrx_word' id='word_1_71' title='bbox 245 767 368 823; x_wconf 68' lang='lat' dir='ltr'><strong>quam</strong></span> <span class='ocrx_word' id='word_1_72' title='bbox 397 769 543 809; x_wconf 90' lang='lat' dir='ltr'><strong>Jovem</strong></span> <span class='ocrx_word' id='word_1_73' title='bbox 565 769 654 823; x_wconf 89' lang='lat' dir='ltr'><strong>jam</strong></span> <span class='ocrx_word' id='word_1_74' title='bbox 674 776 767 810; x_wconf 86' lang='lat' dir='ltr'><strong>ante</strong></span> <span class='ocrx_word' id='word_1_75' title='bbox 788 775 996 810; x_wconf 84' lang='lat' dir='ltr'><strong>ostensum</strong></span> <span class='ocrx_word' id='word_1_76' title='bbox 1016 769 1079 809; x_wconf 91' lang='lat' dir='ltr'><strong>sit.</strong></span> <span class='ocrx_word' id='word_1_77' title='bbox 1141 768 1282 818; x_wconf 83' lang='lat' dir='ltr'><strong>Quare</strong></span> <span class='ocrx_word' id='word_1_78' title='bbox 1303 769 1337 809; x_wconf 88' lang='lat' dir='ltr'><strong>si</strong></span> <span class='ocrx_word' id='word_1_79' title='bbox 1362 770 1526 826; x_wconf 89' lang='lat' dir='ltr'><strong>Jupiter</strong></span> <span class='ocrx_word' id='word_1_80' title='bbox 1543 771 1669 825; x_wconf 89' lang='lat' dir='ltr'><strong>paulo</strong></span> <span class='ocrx_word' id='word_1_81' title='bbox 1689 771 1853 813; x_wconf 86' lang='lat' dir='ltr'><strong>densior</strong></span> <span class='ocrx_word' id='word_1_82' title='bbox 1883 772 1935 813; x_wconf 92' lang='lat' dir='ltr'><strong>sit</strong></span> 
     </span>
     <span class='ocr_line' id='line_1_9' title="bbox 245 839 1934 897; baseline 0.001 -16"><span class='ocrx_word' id='word_1_83' title='bbox 245 839 368 895; x_wconf 71' lang='lat' dir='ltr'><strong>quam</strong></span> <span class='ocrx_word' id='word_1_84' title='bbox 388 856 504 896; x_wconf 88' lang='lat' dir='ltr'><strong>aqua,</strong></span> <span class='ocrx_word' id='word_1_85' title='bbox 525 841 594 881; x_wconf 90' lang='lat' dir='ltr'><strong>hic</strong></span> <span class='ocrx_word' id='word_1_86' title='bbox 615 839 667 895; x_wconf 65' lang='lat'><strong>(⁹)</strong></span> <span class='ocrx_word' id='word_1_87' title='bbox 689 840 820 895; x_wconf 87' lang='lat' dir='ltr'><strong>spatio</strong></span> <span class='ocrx_word' id='word_1_88' title='bbox 840 839 1000 881; x_wconf 91' lang='lat' dir='ltr'><strong>dierum</strong></span> <span class='ocrx_word' id='word_1_89' title='bbox 1019 840 1198 897; x_wconf 85' lang='lat' dir='ltr'><strong>triginta,</strong></span> <span class='ocrx_word' id='word_1_90' title='bbox 1222 841 1370 896; x_wconf 91' lang='lat' dir='ltr'><strong>quibus</strong></span> <span class='ocrx_word' id='word_1_91' title='bbox 1390 841 1689 897; x_wconf 88' lang='lat' dir='ltr'><strong>longitudinem</strong></span> <span class='ocrx_word' id='word_1_92' title='bbox 1709 849 1791 884; x_wconf 80' lang='lat'><strong>459</strong></span> <span class='ocrx_word' id='word_1_93' title='bbox 1813 843 1934 884; x_wconf 89' lang='lat' dir='ltr'><strong>semi-</strong></span> 
     </span>
     <span class='ocr_line' id='line_1_10' title="bbox 244 909 1934 967; baseline 0.002 -16"><span class='ocrx_word' id='word_1_94' title='bbox 244 910 538 952; x_wconf 84' lang='lat' dir='ltr'><strong>diametrorum</strong></span> <span class='ocrx_word' id='word_1_95' title='bbox 568 925 735 951; x_wconf 87' lang='lat' dir='ltr'><strong>suarum</strong></span> <span class='ocrx_word' id='word_1_96' title='bbox 764 909 971 960; x_wconf 88' lang='lat' dir='ltr'><strong>describit,</strong></span> <span class='ocrx_word' id='word_1_97' title='bbox 1005 911 1052 964; x_wconf 63' lang='lat'><strong>(1)</strong></span> <span class='ocrx_word' id='word_1_98' title='bbox 1080 911 1284 952; x_wconf 88' lang='lat' dir='ltr'><strong>amitteret</strong></span> <span class='ocrx_word' id='word_1_99' title='bbox 1303 911 1345 951; x_wconf 92' lang='lat' dir='ltr'><strong>in</strong></span> <span class='ocrx_word' id='word_1_100' title='bbox 1366 911 1503 952; x_wconf 89' lang='lat' dir='ltr'><strong>medio</strong></span> <span class='ocrx_word' id='word_1_101' title='bbox 1523 909 1706 967; x_wconf 84' lang='lat' dir='ltr'><strong>ejusdem</strong></span> <span class='ocrx_word' id='word_1_102' title='bbox 1725 913 1934 954; x_wconf 84' lang='lat' dir='ltr'><strong>densitatis</strong></span> 
     </span>
     <span class='ocr_line' id='line_1_11' title="bbox 245 980 1936 1035; baseline 0.001 -13"><span class='ocrx_word' id='word_1_103' title='bbox 245 996 339 1022; x_wconf 89' lang='lat' dir='ltr'><strong>cum</strong></span> <span class='ocrx_word' id='word_1_104' title='bbox 359 985 452 1023; x_wconf 71' lang='lat' dir='ltr'><strong>aere</strong></span> <span class='ocrx_word' id='word_1_105' title='bbox 471 990 613 1023; x_wconf 90' lang='lat' dir='ltr'><strong>nostro</strong></span> <span class='ocrx_word' id='word_1_106' title='bbox 632 980 767 1024; x_wconf 66' lang='lat' dir='ltr'><strong>motus</strong></span> <span class='ocrx_word' id='word_1_107' title='bbox 789 981 851 1022; x_wconf 88' lang='lat' dir='ltr'><strong>sui</strong></span> <span class='ocrx_word' id='word_1_108' title='bbox 870 989 1030 1035; x_wconf 88' lang='lat' dir='ltr'><strong>partem</strong></span> <span class='ocrx_word' id='word_1_109' title='bbox 1050 980 1133 1024; x_wconf 73' lang='lat' dir='ltr'><strong>fere</strong></span> <span class='ocrx_word' id='word_1_110' title='bbox 1154 981 1366 1022; x_wconf 88' lang='lat' dir='ltr'><strong>decimam.</strong></span> <span class='ocrx_word' id='word_1_111' title='bbox 1417 980 1575 1022; x_wconf 78' lang='lat' dir='ltr'><strong>Verum</strong></span> <span class='ocrx_word' id='word_1_112' title='bbox 1596 981 1690 1024; x_wconf 77' lang='lat' dir='ltr'><strong>cum</strong></span> <span class='ocrx_word' id='word_1_113' title='bbox 1709 983 1936 1025; x_wconf 87' lang='lat' dir='ltr'><strong>resistentia</strong></span> 
     </span>
     <span class='ocr_line' id='line_1_12' title="bbox 243 1052 1936 1111; baseline 0.001 -16"><span class='ocrx_word' id='word_1_114' title='bbox 243 1055 474 1096; x_wconf 87' lang='lat' dir='ltr'><strong>mediorum</strong></span> <span class='ocrx_word' id='word_1_115' title='bbox 503 1055 712 1095; x_wconf 84' lang='lat' dir='ltr'><strong>minuatur</strong></span> <span class='ocrx_word' id='word_1_116' title='bbox 740 1054 783 1094; x_wconf 92' lang='lat' dir='ltr'><strong>in</strong></span> <span class='ocrx_word' id='word_1_117' title='bbox 813 1053 971 1094; x_wconf 89' lang='lat' dir='ltr'><strong>ratione</strong></span> <span class='ocrx_word' id='word_1_118' title='bbox 1000 1053 1196 1107; x_wconf 90' lang='lat' dir='ltr'><strong>ponderis</strong></span> <span class='ocrx_word' id='word_1_119' title='bbox 1226 1067 1273 1095; x_wconf 87' lang='lat' dir='ltr'><strong>ac</strong></span> <span class='ocrx_word' id='word_1_120' title='bbox 1303 1052 1526 1103; x_wconf 85' lang='lat' dir='ltr'><strong>densitatis,</strong></span> <span class='ocrx_word' id='word_1_121' title='bbox 1561 1054 1618 1094; x_wconf 89' lang='lat' dir='ltr'><strong>sic</strong></span> <span class='ocrx_word' id='word_1_122' title='bbox 1638 1062 1684 1095; x_wconf 93' lang='lat' dir='ltr'><strong>ut</strong></span> <span class='ocrx_word' id='word_1_123' title='bbox 1703 1069 1821 1110; x_wconf 85' lang='lat' dir='ltr'><strong>aqua,</strong></span> <span class='ocrx_word' id='word_1_124' title='bbox 1843 1070 1936 1111; x_wconf 87' lang='lat' dir='ltr'><strong>quae</strong></span> 
     </span>
     <span class='ocr_line' id='line_1_13' title="bbox 242 1122 1937 1179; baseline 0 -14"><span class='ocrx_word' id='word_1_125' title='bbox 242 1125 428 1179; x_wconf 83' lang='lat' dir='ltr'><strong>partibus</strong></span> <span class='ocrx_word' id='word_1_126' title='bbox 462 1125 541 1176; x_wconf 70' lang='lat'><strong>13}</strong></span> <span class='ocrx_word' id='word_1_127' title='bbox 568 1124 696 1164; x_wconf 90' lang='lat' dir='ltr'><strong>levior</strong></span> <span class='ocrx_word' id='word_1_128' title='bbox 725 1131 787 1165; x_wconf 90' lang='lat' dir='ltr'><strong>est</strong></span> <span class='ocrx_word' id='word_1_129' title='bbox 815 1122 939 1178; x_wconf 71' lang='lat' dir='ltr'><strong>quam</strong></span> <span class='ocrx_word' id='word_1_130' title='bbox 967 1130 1184 1179; x_wconf 88' lang='lat' dir='ltr'><strong>argentum</strong></span> <span class='ocrx_word' id='word_1_131' title='bbox 1212 1123 1362 1175; x_wconf 84' lang='lat' dir='ltr'><strong>vivum,</strong></span> <span class='ocrx_word' id='word_1_132' title='bbox 1394 1124 1529 1164; x_wconf 90' lang='lat' dir='ltr'><strong>minus</strong></span> <span class='ocrx_word' id='word_1_133' title='bbox 1551 1123 1711 1165; x_wconf 86' lang='lat' dir='ltr'><strong>resistat</strong></span> <span class='ocrx_word' id='word_1_134' title='bbox 1730 1124 1774 1164; x_wconf 90' lang='lat' dir='ltr'><strong>in</strong></span> <span class='ocrx_word' id='word_1_135' title='bbox 1794 1123 1937 1165; x_wconf 66' lang='lat' dir='ltr'><strong>eadem</strong></span> 
     </span>
     <span class='ocr_line' id='line_1_14' title="bbox 243 1194 1936 1252; baseline 0.001 -16"><span class='ocrx_word' id='word_1_136' title='bbox 243 1202 426 1244; x_wconf 81' lang='lat' dir='ltr'><strong>ratione3</strong></span> <span class='ocrx_word' id='word_1_137' title='bbox 456 1203 497 1238; x_wconf 88' lang='lat' dir='ltr'><strong>et</strong></span> <span class='ocrx_word' id='word_1_138' title='bbox 516 1197 598 1244; x_wconf 84' lang='lat' dir='ltr'><strong>a&#39;e‘r,</strong></span> <span class='ocrx_word' id='word_1_139' title='bbox 630 1195 701 1250; x_wconf 89' lang='lat' dir='ltr'><strong>qui</strong></span> <span class='ocrx_word' id='word_1_140' title='bbox 720 1195 904 1248; x_wconf 83' lang='lat' dir='ltr'><strong>partibus</strong></span> <span class='ocrx_word' id='word_1_141' title='bbox 932 1201 1014 1236; x_wconf 88' lang='grc'><strong>860</strong></span> <span class='ocrx_word' id='word_1_142' title='bbox 1034 1195 1162 1236; x_wconf 86' lang='lat' dir='ltr'><strong>levior</strong></span> <span class='ocrx_word' id='word_1_143' title='bbox 1183 1203 1245 1237; x_wconf 89' lang='lat' dir='ltr'><strong>est</strong></span> <span class='ocrx_word' id='word_1_144' title='bbox 1265 1194 1386 1250; x_wconf 68' lang='lat' dir='ltr'><strong>quam</strong></span> <span class='ocrx_word' id='word_1_145' title='bbox 1407 1211 1525 1252; x_wconf 86' lang='lat' dir='ltr'><strong>aqua,</strong></span> <span class='ocrx_word' id='word_1_146' title='bbox 1557 1196 1693 1237; x_wconf 91' lang='lat' dir='ltr'><strong>minus</strong></span> <span class='ocrx_word' id='word_1_147' title='bbox 1713 1197 1874 1237; x_wconf 88' lang='lat' dir='ltr'><strong>resistat</strong></span> <span class='ocrx_word' id='word_1_148' title='bbox 1892 1196 1936 1237; x_wconf 91' lang='lat' dir='ltr'><strong>in</strong></span> 
     </span>
     <span class='ocr_line' id='line_1_15' title="bbox 243 1266 1938 1324; baseline 0.001 -16"><span class='ocrx_word' id='word_1_149' title='bbox 243 1267 387 1309; x_wconf 65' lang='lat' dir='ltr'><strong>eadem</strong></span> <span class='ocrx_word' id='word_1_150' title='bbox 415 1268 599 1308; x_wconf 84' lang='lat' dir='ltr'><strong>ratione:</strong></span> <span class='ocrx_word' id='word_1_151' title='bbox 636 1267 671 1307; x_wconf 89' lang='lat' dir='ltr'><strong>si</strong></span> <span class='ocrx_word' id='word_1_152' title='bbox 700 1266 943 1307; x_wconf 86' lang='lat' dir='ltr'><strong>ascendatur</strong></span> <span class='ocrx_word' id='word_1_153' title='bbox 972 1267 1015 1306; x_wconf 92' lang='lat' dir='ltr'><strong>in</strong></span> <span class='ocrx_word' id='word_1_154' title='bbox 1045 1267 1169 1309; x_wconf 89' lang='lat' dir='ltr'><strong>coelos</strong></span> <span class='ocrx_word' id='word_1_155' title='bbox 1200 1267 1271 1307; x_wconf 90' lang='lat' dir='ltr'><strong>ubi</strong></span> <span class='ocrx_word' id='word_1_156' title='bbox 1300 1267 1462 1322; x_wconf 90' lang='lat' dir='ltr'><strong>pondus</strong></span> <span class='ocrx_word' id='word_1_157' title='bbox 1492 1268 1629 1317; x_wconf 89' lang='lat' dir='ltr'><strong>medii,</strong></span> <span class='ocrx_word' id='word_1_158' title='bbox 1662 1269 1705 1308; x_wconf 91' lang='lat' dir='ltr'><strong>in</strong></span> <span class='ocrx_word' id='word_1_159' title='bbox 1734 1283 1816 1324; x_wconf 93' lang='lat' dir='ltr'><strong>quo</strong></span> <span class='ocrx_word' id='word_1_160' title='bbox 1849 1267 1938 1323; x_wconf 86' lang='lat' dir='ltr'><strong>pla-</strong></span> 
     </span>
     <span class='ocr_line' id='line_1_16' title="bbox 243 1335 1937 1392; baseline 0.001 -14"><span class='ocrx_word' id='word_1_161' title='bbox 243 1345 351 1378; x_wconf 89' lang='lat' dir='ltr'><strong>netae</strong></span> <span class='ocrx_word' id='word_1_162' title='bbox 383 1345 611 1386; x_wconf 90' lang='lat' dir='ltr'><strong>moventur,</strong></span> <span class='ocrx_word' id='word_1_163' title='bbox 653 1336 894 1376; x_wconf 83' lang='lat' dir='ltr'><strong>diminuitur</strong></span> <span class='ocrx_word' id='word_1_164' title='bbox 933 1335 976 1375; x_wconf 92' lang='lat' dir='ltr'><strong>in</strong></span> <span class='ocrx_word' id='word_1_165' title='bbox 1015 1336 1273 1386; x_wconf 88' lang='lat' dir='ltr'><strong>immensum,</strong></span> <span class='ocrx_word' id='word_1_166' title='bbox 1315 1337 1542 1379; x_wconf 82' lang='lat' dir='ltr'><strong>resistentia</strong></span> <span class='ocrx_word' id='word_1_167' title='bbox 1579 1352 1711 1392; x_wconf 89' lang='lat' dir='ltr'><strong>prope</strong></span> <span class='ocrx_word' id='word_1_168' title='bbox 1750 1338 1937 1379; x_wconf 87' lang='lat' dir='ltr'><strong>cessabit.</strong></span> 
     </span>
     <span class='ocr_line' id='line_1_17' title="bbox 247 1406 1940 1463; baseline -0.002 -12"><span class='ocrx_word' id='word_1_169' title='bbox 247 1410 517 1452; x_wconf 86' lang='lat' dir='ltr'><strong>Ostendimus</strong></span> <span class='ocrx_word' id='word_1_170' title='bbox 565 1408 706 1463; x_wconf 88' lang='lat' dir='ltr'><strong>utique</strong></span> <span class='ocrx_word' id='word_1_171' title='bbox 752 1407 796 1447; x_wconf 92' lang='lat' dir='ltr'><strong>in</strong></span> <span class='ocrx_word' id='word_1_172' title='bbox 844 1407 999 1448; x_wconf 87' lang='lat' dir='ltr'><strong>scholio</strong></span> <span class='ocrx_word' id='word_1_173' title='bbox 1038 1406 1092 1447; x_wconf 87' lang='lat' dir='ltr'><strong>ad</strong></span> <span class='ocrx_word' id='word_1_174' title='bbox 1135 1407 1262 1462; x_wconf 86' lang='lat' dir='ltr'><strong>Prop.</strong></span> <span class='ocrx_word' id='word_1_175' title='bbox 1309 1406 1464 1447; x_wconf 93' lang='lat' dir='ltr'><strong>XXII.</strong></span> <span class='ocrx_word' id='word_1_176' title='bbox 1517 1407 1611 1448; x_wconf 88' lang='lat' dir='ltr'><strong>Lib.</strong></span> <span class='ocrx_word' id='word_1_177' title='bbox 1654 1407 1713 1448; x_wconf 93' lang='lat' dir='ltr'><strong>II.</strong></span> <span class='ocrx_word' id='word_1_178' title='bbox 1755 1408 1865 1463; x_wconf 94' lang='lat' dir='ltr'><strong>quod</strong></span> <span class='ocrx_word' id='word_1_179' title='bbox 1905 1408 1940 1449; x_wconf 89' lang='lat' dir='ltr'><strong>si</strong></span> 
     </span>
     <span class='ocr_line' id='line_1_18' title="bbox 250 1478 1954 1532; baseline -0.003 -8"><span class='ocrx_word' id='word_1_180' title='bbox 250 1483 538 1526; x_wconf 87' lang='lat' dir='ltr'><strong>ascenderetur</strong></span> <span class='ocrx_word' id='word_1_181' title='bbox 587 1481 640 1521; x_wconf 90' lang='lat' dir='ltr'><strong>ad</strong></span> <span class='ocrx_word' id='word_1_182' title='bbox 689 1479 947 1521; x_wconf 87' lang='lat' dir='ltr'><strong>altitudinem</strong></span> <span class='ocrx_word' id='word_1_183' title='bbox 992 1479 1227 1519; x_wconf 89' lang='lat' dir='ltr'><strong>milliarium</strong></span> <span class='ocrx_word' id='word_1_184' title='bbox 1268 1478 1539 1523; x_wconf 82' lang='lat' dir='ltr'><strong>ducentorum</strong></span> <span class='ocrx_word' id='word_1_185' title='bbox 1577 1492 1700 1532; x_wconf 88' lang='lat' dir='ltr'><strong>supra</strong></span> <span class='ocrx_word' id='word_1_186' title='bbox 1749 1478 1954 1530; x_wconf 84' lang='lat' dir='ltr'><strong>Terram,-</strong></span> 
     </span>
     <span class='ocr_line' id='line_1_19' title="bbox 245 1548 1940 1608; baseline -0.001 -14"><span class='ocrx_word' id='word_1_187' title='bbox 245 1554 290 1608; x_wconf 53' lang='grc' dir='ltr'><strong>(Β)</strong></span> <span class='ocrx_word' id='word_1_188' title='bbox 325 1556 394 1595; x_wconf 82' lang='lat' dir='ltr'><strong>a&#39;er</strong></span> <span class='ocrx_word' id='word_1_189' title='bbox 429 1552 487 1593; x_wconf 85' lang='lat' dir='ltr'><strong>ibi</strong></span> <span class='ocrx_word' id='word_1_190' title='bbox 519 1551 650 1592; x_wconf 91' lang='lat' dir='ltr'><strong>rarior</strong></span> <span class='ocrx_word' id='word_1_191' title='bbox 689 1550 794 1590; x_wconf 89' lang='lat' dir='ltr'><strong>foret</strong></span> <span class='ocrx_word' id='word_1_192' title='bbox 824 1548 947 1607; x_wconf 67' lang='lat' dir='ltr'><strong>quam</strong></span> <span class='ocrx_word' id='word_1_193' title='bbox 978 1549 1032 1590; x_wconf 77' lang='lat' dir='ltr'><strong>ad</strong></span> <span class='ocrx_word' id='word_1_194' title='bbox 1066 1548 1324 1602; x_wconf 86' lang='lat' dir='ltr'><strong>superficiem</strong></span> <span class='ocrx_word' id='word_1_195' title='bbox 1360 1548 1507 1590; x_wconf 81' lang='lat' dir='ltr'><strong>Terrae</strong></span> <span class='ocrx_word' id='word_1_196' title='bbox 1537 1548 1580 1588; x_wconf 89' lang='lat' dir='ltr'><strong>in</strong></span> <span class='ocrx_word' id='word_1_197' title='bbox 1614 1549 1772 1590; x_wconf 85' lang='lat' dir='ltr'><strong>ratione</strong></span> <span class='ocrx_word' id='word_1_198' title='bbox 1804 1555 1858 1592; x_wconf 83' lang='lat'><strong>30</strong></span> <span class='ocrx_word' id='word_1_199' title='bbox 1886 1549 1940 1591; x_wconf 83' lang='lat' dir='ltr'><strong>ad</strong></span> 
     </span>
    </p>
   </div>
   <div class='ocr_carea' id='block_1_3' title="bbox 244 1697 1941 1783">
    <p class='ocr_par' dir='ltr' id='par_1_3' title="bbox 244 1697 1941 1783">
     <span class='ocr_line' id='line_1_20' title="bbox 287 1697 1941 1743; baseline -0.003 -9"><span class='ocrx_word' id='word_1_200' title='bbox 287 1704 339 1735; x_wconf 85' lang='lat' dir='ltr'><strong>Ex</strong></span> <span class='ocrx_word' id='word_1_201' title='bbox 364 1703 476 1743; x_wconf 91' lang='lat' dir='ltr'><strong>quibus</strong></span> <span class='ocrx_word' id='word_1_202' title='bbox 497 1701 643 1741; x_wconf 86' lang='lat' dir='ltr'><strong>sequitur,</strong></span> <span class='ocrx_word' id='word_1_203' title='bbox 669 1699 874 1742; x_wconf 66' lang='lat' dir='ltr'><strong>equalitatem</strong></span> <span class='ocrx_word' id='word_1_204' title='bbox 896 1706 1071 1739; x_wconf 87' lang='lat' dir='ltr'><strong>temporum</strong></span> <span class='ocrx_word' id='word_1_205' title='bbox 1116 1701 1148 1731; x_wconf 91' lang='lat' dir='ltr'><strong>Si</strong></span> <span class='ocrx_word' id='word_1_206' title='bbox 1174 1700 1320 1731; x_wconf 85' lang='lat' dir='ltr'><strong>diameter</strong></span> <span class='ocrx_word' id='word_1_207' title='bbox 1344 1698 1431 1730; x_wconf 90' lang='lat' dir='ltr'><strong>Jovis</strong></span> <span class='ocrx_word' id='word_1_208' title='bbox 1453 1697 1571 1728; x_wconf 83' lang='lat' dir='ltr'><strong>dicatur</strong></span> <span class='ocrx_word' id='word_1_209' title='bbox 1595 1697 1638 1734; x_wconf 93' lang='lat' dir='ltr'><strong>D,</strong></span> <span class='ocrx_word' id='word_1_210' title='bbox 1661 1697 1692 1727; x_wconf 89' lang='lat' dir='ltr'>V</span> <span class='ocrx_word' id='word_1_211' title='bbox 1713 1697 1855 1729; x_wconf 83' lang='lat' dir='ltr'><strong>velocitas</strong></span> <span class='ocrx_word' id='word_1_212' title='bbox 1873 1698 1941 1739; x_wconf 74' lang='lat' dir='ltr'><strong>ejus</strong></span> 
     </span>
     <span class='ocr_line' id='line_1_21' title="bbox 244 1739 1940 1783; baseline -0.002 -7"><span class='ocrx_word' id='word_1_213' title='bbox 244 1745 455 1776; x_wconf 85' lang='lat' dir='ltr'><strong>occultationis</strong></span> <span class='ocrx_word' id='word_1_214' title='bbox 469 1749 499 1774; x_wconf 88' lang='lat' dir='ltr'><strong>et</strong></span> <span class='ocrx_word' id='word_1_215' title='bbox 513 1744 695 1783; x_wconf 76' lang='lat' dir='ltr'><strong>apparentiae</strong></span> <span class='ocrx_word' id='word_1_216' title='bbox 715 1743 916 1779; x_wconf 86' lang='lat' dir='ltr'><strong>macularum,</strong></span> <span class='ocrx_word' id='word_1_217' title='bbox 932 1744 1070 1773; x_wconf 85' lang='lat' dir='ltr'><strong>observa·</strong></span> <span class='ocrx_word' id='word_1_218' title='bbox 1113 1744 1171 1773; x_wconf 89' lang='lat' dir='ltr'><strong>sub</strong></span> <span class='ocrx_word' id='word_1_219' title='bbox 1193 1743 1280 1772; x_wconf 85' lang='lat' dir='ltr'><strong>initio</strong></span> <span class='ocrx_word' id='word_1_220' title='bbox 1294 1740 1405 1777; x_wconf 68' lang='lat' dir='ltr'><strong>motus,</strong></span> <span class='ocrx_word' id='word_1_221' title='bbox 1429 1746 1460 1770; x_wconf 92' lang='lat' dir='ltr'><strong>et</strong></span> <span class='ocrx_word' id='word_1_222' title='bbox 1480 1740 1509 1770; x_wconf 91' lang='lat' dir='ltr'>T</span> <span class='ocrx_word' id='word_1_223' title='bbox 1523 1745 1644 1778; x_wconf 78' lang='lat' dir='ltr'><strong>tempus</strong></span> <span class='ocrx_word' id='word_1_224' title='bbox 1658 1749 1720 1780; x_wconf 86' lang='lat' dir='ltr'><strong>quo</strong></span> <span class='ocrx_word' id='word_1_225' title='bbox 1735 1739 1893 1770; x_wconf 81' lang='lat' dir='ltr'><strong>velocitate</strong></span> <span class='ocrx_word' id='word_1_226' title='bbox 1909 1741 1940 1772; x_wconf 87' lang='lat' dir='ltr'>V</span> 
     </span>
    </p>
   </div>
   <div class='ocr_carea' id='block_1_4' title="bbox 243 1783 1075 3048">
    <p class='ocr_par' dir='ltr' id='par_1_4' title="bbox 243 1783 1074 2455">
     <span class='ocr_line' id='line_1_22' title="bbox 243 1783 1070 1826; baseline -0.004 -8"><span class='ocrx_word' id='word_1_227' title='bbox 243 1788 378 1818; x_wconf 86' lang='lat' dir='ltr'><strong>tionibus</strong></span> <span class='ocrx_word' id='word_1_228' title='bbox 392 1796 454 1816; x_wconf 86' lang='lat' dir='ltr'><strong>non</strong></span> <span class='ocrx_word' id='word_1_229' title='bbox 469 1792 626 1822; x_wconf 78' lang='lat' dir='ltr'><strong>constare3</strong></span> <span class='ocrx_word' id='word_1_230' title='bbox 649 1783 789 1826; x_wconf 75' lang='lat' dir='ltr'><strong>quinimo</strong></span> <span class='ocrx_word' id='word_1_231' title='bbox 804 1786 915 1814; x_wconf 89' lang='lat' dir='ltr'><strong>rectius</strong></span> <span class='ocrx_word' id='word_1_232' title='bbox 936 1785 1070 1824; x_wconf 88' lang='lat' dir='ltr'><strong>inaequa-</strong></span> 
     </span>
     <span class='ocr_line' id='line_1_23' title="bbox 244 1826 1071 1867; baseline -0.005 -7"><span class='ocrx_word' id='word_1_233' title='bbox 244 1829 362 1860; x_wconf 76' lang='lat' dir='ltr'><strong>litatem</strong></span> <span class='ocrx_word' id='word_1_234' title='bbox 387 1839 493 1859; x_wconf 88' lang='lat' dir='ltr'><strong>eorum</strong></span> <span class='ocrx_word' id='word_1_235' title='bbox 518 1834 691 1867; x_wconf 86' lang='lat' dir='ltr'><strong>temporum</strong></span> <span class='ocrx_word' id='word_1_236' title='bbox 716 1826 827 1857; x_wconf 79' lang='lat' dir='ltr'><strong>exinde</strong></span> <span class='ocrx_word' id='word_1_237' title='bbox 852 1826 972 1856; x_wconf 86' lang='lat' dir='ltr'><strong>deduci.</strong></span> <span class='ocrx_word' id='word_1_238' title='bbox 1027 1827 1071 1857; x_wconf 85' lang='lat' dir='ltr'><strong>Ut</strong></span> 
     </span>
     <span class='ocr_line' id='line_1_24' title="bbox 243 1868 1072 1913; baseline -0.006 -11"><span class='ocrx_word' id='word_1_239' title='bbox 243 1871 377 1913; x_wconf 57' lang='lat' dir='ltr'><strong>quadam</strong></span> <span class='ocrx_word' id='word_1_240' title='bbox 398 1871 566 1911; x_wconf 83' lang='lat' dir='ltr'><strong>quantitate</strong></span> <span class='ocrx_word' id='word_1_241' title='bbox 581 1881 600 1900; x_wconf 84' lang='lat' dir='ltr'><strong>a</strong></span> <span class='ocrx_word' id='word_1_242' title='bbox 617 1870 694 1900; x_wconf 88' lang='lat' dir='ltr'><strong>Solis</strong></span> <span class='ocrx_word' id='word_1_243' title='bbox 709 1868 792 1899; x_wconf 88' lang='lat' dir='ltr'><strong>disco</strong></span> <span class='ocrx_word' id='word_1_244' title='bbox 808 1869 918 1898; x_wconf 85' lang='lat' dir='ltr'><strong>distare</strong></span> <span class='ocrx_word' id='word_1_245' title='bbox 936 1869 1072 1898; x_wconf 85' lang='lat' dir='ltr'><strong>maculas</strong></span> 
     </span>
     <span class='ocr_line' id='line_1_25' title="bbox 245 1911 1071 1952; baseline -0.007 -7"><span class='ocrx_word' id='word_1_246' title='bbox 245 1914 424 1950; x_wconf 76' lang='lat' dir='ltr'><strong>deducatur,</strong></span> <span class='ocrx_word' id='word_1_247' title='bbox 441 1920 471 1943; x_wconf 90' lang='lat' dir='ltr'><strong>et</strong></span> <span class='ocrx_word' id='word_1_248' title='bbox 485 1912 609 1952; x_wconf 86' lang='lat' dir='ltr'><strong>quidem</strong></span> <span class='ocrx_word' id='word_1_249' title='bbox 625 1911 696 1942; x_wconf 68' lang='lat' dir='ltr'><strong>cnm</strong></span> <span class='ocrx_word' id='word_1_250' title='bbox 712 1911 883 1941; x_wconf 78' lang='lat' dir='ltr'><strong>differentia</strong></span> <span class='ocrx_word' id='word_1_251' title='bbox 897 1917 1071 1949; x_wconf 88' lang='lat' dir='ltr'><strong>temporum</strong></span> 
     </span>
     <span class='ocr_line' id='line_1_26' title="bbox 244 1952 1072 1994; baseline -0.004 -8"><span class='ocrx_word' id='word_1_252' title='bbox 244 1966 351 1986; x_wconf 89' lang='lat' dir='ltr'><strong>eorum</strong></span> <span class='ocrx_word' id='word_1_253' title='bbox 366 1955 405 1986; x_wconf 86' lang='lat' dir='ltr'><strong>sit</strong></span> <span class='ocrx_word' id='word_1_254' title='bbox 419 1955 537 1985; x_wconf 83' lang='lat' dir='ltr'><strong>circiter</strong></span> <span class='ocrx_word' id='word_1_255' title='bbox 551 1954 671 1984; x_wconf 89' lang='lat' dir='ltr'><strong>dierum</strong></span> <span class='ocrx_word' id='word_1_256' title='bbox 686 1953 789 1989; x_wconf 89' lang='lat' dir='ltr'><strong>trium,</strong></span> <span class='ocrx_word' id='word_1_257' title='bbox 812 1953 845 1982; x_wconf 90' lang='lat' dir='ltr'><strong>in</strong></span> <span class='ocrx_word' id='word_1_258' title='bbox 860 1952 983 1992; x_wconf 83' lang='lat' dir='ltr'><strong>singulo</strong></span> <span class='ocrx_word' id='word_1_259' title='bbox 996 1963 1072 1994; x_wconf 87' lang='lat' dir='ltr'><strong>qua-</strong></span> 
     </span>
     <span class='ocr_line' id='line_1_27' title="bbox 244 1996 1073 2034; baseline -0.004 -6"><span class='ocrx_word' id='word_1_260' title='bbox 244 1999 351 2028; x_wconf 84' lang='lat' dir='ltr'><strong>drante</strong></span> <span class='ocrx_word' id='word_1_261' title='bbox 366 1997 421 2027; x_wconf 85' lang='lat' dir='ltr'><strong>erit</strong></span> <span class='ocrx_word' id='word_1_262' title='bbox 433 1998 577 2026; x_wconf 83' lang='lat' dir='ltr'><strong>horarum</strong></span> <span class='ocrx_word' id='word_1_263' title='bbox 593 1996 700 2026; x_wconf 86' lang='lat' dir='ltr'><strong>decem</strong></span> <span class='ocrx_word' id='word_1_264' title='bbox 715 2001 745 2025; x_wconf 85' lang='lat' dir='ltr'><strong>et</strong></span> <span class='ocrx_word' id='word_1_265' title='bbox 758 2001 837 2030; x_wconf 90' lang='lat' dir='ltr'><strong>octo,</strong></span> <span class='ocrx_word' id='word_1_266' title='bbox 860 2004 923 2034; x_wconf 91' lang='lat' dir='ltr'><strong>quo</strong></span> <span class='ocrx_word' id='word_1_267' title='bbox 936 2000 1073 2033; x_wconf 86' lang='lat' dir='ltr'><strong>tempore</strong></span> 
     </span>
     <span class='ocr_line' id='line_1_28' title="bbox 245 2036 1071 2080; baseline -0.006 -10"><span class='ocrx_word' id='word_1_268' title='bbox 245 2040 352 2070; x_wconf 91' lang='lat' dir='ltr'><strong>decem</strong></span> <span class='ocrx_word' id='word_1_269' title='bbox 373 2039 486 2080; x_wconf 89' lang='lat' dir='ltr'><strong>gradus</strong></span> <span class='ocrx_word' id='word_1_270' title='bbox 505 2039 585 2068; x_wconf 88' lang='lat' dir='ltr'><strong>circa</strong></span> <span class='ocrx_word' id='word_1_271' title='bbox 610 2038 688 2068; x_wconf 90' lang='lat' dir='ltr'><strong>Solis</strong></span> <span class='ocrx_word' id='word_1_272' title='bbox 702 2042 842 2067; x_wconf 83' lang='lat' dir='ltr'><strong>centrum</strong></span> <span class='ocrx_word' id='word_1_273' title='bbox 857 2036 987 2066; x_wconf 85' lang='lat' dir='ltr'><strong>maculae</strong></span> <span class='ocrx_word' id='word_1_274' title='bbox 1004 2046 1071 2075; x_wconf 88' lang='lat' dir='ltr'><strong>per-</strong></span> 
     </span>
     <span class='ocr_line' id='line_1_29' title="bbox 245 2078 1073 2119; baseline -0.004 -7"><span class='ocrx_word' id='word_1_275' title='bbox 245 2088 375 2112; x_wconf 86' lang='lat' dir='ltr'><strong>currunt</strong></span> <span class='ocrx_word' id='word_1_276' title='bbox 384 2093 393 2119; x_wconf 91' lang='lat'>;</span> <span class='ocrx_word' id='word_1_277' title='bbox 417 2080 468 2110; x_wconf 90' lang='lat' dir='ltr'><strong>sed</strong></span> <span class='ocrx_word' id='word_1_278' title='bbox 491 2081 575 2110; x_wconf 91' lang='lat' dir='ltr'><strong>sinus</strong></span> <span class='ocrx_word' id='word_1_279' title='bbox 589 2090 694 2110; x_wconf 87' lang='lat' dir='ltr'><strong>versus</strong></span> <span class='ocrx_word' id='word_1_280' title='bbox 708 2079 814 2109; x_wconf 84' lang='lat' dir='ltr'><strong>decem</strong></span> <span class='ocrx_word' id='word_1_281' title='bbox 830 2078 984 2118; x_wconf 87' lang='lat' dir='ltr'><strong>graduum</strong></span> <span class='ocrx_word' id='word_1_282' title='bbox 999 2085 1073 2109; x_wconf 83' lang='lat' dir='ltr'><strong>sunt</strong></span> 
     </span>
     <span class='ocr_line' id='line_1_30' title="bbox 248 2119 1074 2158; baseline -0.006 -4"><span class='ocrx_word' id='word_1_283' title='bbox 248 2128 296 2155; x_wconf 90' lang='lat'><strong>15.</strong></span> <span class='ocrx_word' id='word_1_284' title='bbox 326 2123 499 2154; x_wconf 80' lang='lat' dir='ltr'><strong>centesimae</strong></span> <span class='ocrx_word' id='word_1_285' title='bbox 527 2122 623 2158; x_wconf 85' lang='lat' dir='ltr'><strong>radii;</strong></span> <span class='ocrx_word' id='word_1_286' title='bbox 653 2122 725 2151; x_wconf 89' lang='lat' dir='ltr'><strong>hinc</strong></span> <span class='ocrx_word' id='word_1_287' title='bbox 750 2120 873 2150; x_wconf 89' lang='lat' dir='ltr'><strong>tandem</strong></span> <span class='ocrx_word' id='word_1_288' title='bbox 903 2119 1074 2150; x_wconf 83' lang='lat' dir='ltr'><strong>deducetur</strong></span> 
     </span>
     <span class='ocr_line' id='line_1_31' title="bbox 245 2162 1073 2206; baseline -0.006 -10"><span class='ocrx_word' id='word_1_289' title='bbox 245 2165 328 2206; x_wconf 91' lang='lat' dir='ltr'><strong>quod</strong></span> <span class='ocrx_word' id='word_1_290' title='bbox 343 2165 418 2195; x_wconf 73' lang='lat' dir='ltr'><strong>semi</strong></span> <span class='ocrx_word' id='word_1_291' title='bbox 434 2165 580 2195; x_wconf 86' lang='lat' dir='ltr'><strong>diameter</strong></span> <span class='ocrx_word' id='word_1_292' title='bbox 598 2163 676 2194; x_wconf 92' lang='lat' dir='ltr'><strong>Solis</strong></span> <span class='ocrx_word' id='word_1_293' title='bbox 691 2164 729 2193; x_wconf 89' lang='lat' dir='ltr'><strong>sit</strong></span> <span class='ocrx_word' id='word_1_294' title='bbox 743 2162 782 2193; x_wconf 83' lang='lat' dir='ltr'><strong>ad</strong></span> <span class='ocrx_word' id='word_1_295' title='bbox 797 2162 1073 2192; x_wconf 81' lang='lat' dir='ltr'><strong>semi-diametrum</strong></span> 
     </span>
     <span class='ocr_line' id='line_1_32' title="bbox 246 2204 1074 2248; baseline -0.006 -10"><span class='ocrx_word' id='word_1_296' title='bbox 246 2208 352 2238; x_wconf 85' lang='lat' dir='ltr'><strong>circuli</strong></span> <span class='ocrx_word' id='word_1_297' title='bbox 373 2217 464 2248; x_wconf 90' lang='lat' dir='ltr'><strong>quem</strong></span> <span class='ocrx_word' id='word_1_298' title='bbox 487 2206 662 2236; x_wconf 88' lang='lat' dir='ltr'><strong>describunt</strong></span> <span class='ocrx_word' id='word_1_299' title='bbox 682 2205 812 2235; x_wconf 84' lang='lat' dir='ltr'><strong>maculae</strong></span> <span class='ocrx_word' id='word_1_300' title='bbox 833 2210 869 2234; x_wconf 86' lang='lat' dir='ltr'><strong>ut</strong></span> <span class='ocrx_word' id='word_1_301' title='bbox 891 2207 930 2235; x_wconf 82' lang='lat'><strong>85</strong></span> <span class='ocrx_word' id='word_1_302' title='bbox 950 2204 989 2234; x_wconf 79' lang='lat' dir='ltr'><strong>ad</strong></span> <span class='ocrx_word' id='word_1_303' title='bbox 1015 2208 1074 2234; x_wconf 89' lang='grc'><strong>100</strong></span> 
     </span>
     <span class='ocr_line' id='line_1_33' title="bbox 246 2246 1074 2287; baseline -0.006 -7"><span class='ocrx_word' id='word_1_304' title='bbox 246 2250 309 2280; x_wconf 84' lang='lat' dir='ltr'><strong>sive</strong></span> <span class='ocrx_word' id='word_1_305' title='bbox 330 2255 366 2280; x_wconf 88' lang='lat' dir='ltr'><strong>ut</strong></span> <span class='ocrx_word' id='word_1_306' title='bbox 389 2253 426 2279; x_wconf 95' lang='grc'><strong>17</strong></span> <span class='ocrx_word' id='word_1_307' title='bbox 450 2249 487 2278; x_wconf 88' lang='lat' dir='ltr'><strong>ad</strong></span> <span class='ocrx_word' id='word_1_308' title='bbox 512 2252 562 2285; x_wconf 77' lang='lat'><strong>20,</strong></span> <span class='ocrx_word' id='word_1_309' title='bbox 575 2254 605 2278; x_wconf 87' lang='lat' dir='ltr'><strong>et</strong></span> <span class='ocrx_word' id='word_1_310' title='bbox 620 2247 749 2278; x_wconf 83' lang='lat' dir='ltr'><strong>macuiae</strong></span> <span class='ocrx_word' id='word_1_311' title='bbox 764 2246 939 2287; x_wconf 87' lang='lat' dir='ltr'><strong>quindecim</strong></span> <span class='ocrx_word' id='word_1_312' title='bbox 956 2246 1074 2276; x_wconf 79' lang='lat' dir='ltr'><strong>circiter</strong></span> 
     </span>
     <span class='ocr_line' id='line_1_34' title="bbox 246 2288 1073 2327; baseline -0.006 -5"><span class='ocrx_word' id='word_1_313' title='bbox 246 2291 491 2322; x_wconf 82' lang='lat' dir='ltr'><strong>semi-diametris</strong></span> <span class='ocrx_word' id='word_1_314' title='bbox 521 2291 625 2320; x_wconf 84' lang='lat' dir='ltr'><strong>Terrae</strong></span> <span class='ocrx_word' id='word_1_315' title='bbox 654 2300 745 2327; x_wconf 84' lang='lat' dir='ltr'><strong>supra</strong></span> <span class='ocrx_word' id='word_1_316' title='bbox 776 2289 854 2318; x_wconf 83' lang='lat' dir='ltr'><strong>Solis</strong></span> <span class='ocrx_word' id='word_1_317' title='bbox 882 2288 1073 2326; x_wconf 79' lang='lat' dir='ltr'><strong>superficiem</strong></span> 
     </span>
     <span class='ocr_line' id='line_1_35' title="bbox 247 2330 1073 2364; baseline -0.006 0"><span class='ocrx_word' id='word_1_318' title='bbox 247 2334 418 2364; x_wconf 81' lang='lat' dir='ltr'><strong>emineant:</strong></span> <span class='ocrx_word' id='word_1_319' title='bbox 441 2333 528 2363; x_wconf 91' lang='lat' dir='ltr'><strong>Hinc</strong></span> <span class='ocrx_word' id='word_1_320' title='bbox 542 2332 624 2362; x_wconf 88' lang='lat' dir='ltr'><strong>idem</strong></span> <span class='ocrx_word' id='word_1_321' title='bbox 635 2331 768 2361; x_wconf 78' lang='lat' dir='ltr'><strong>Wolfius</strong></span> <span class='ocrx_word' id='word_1_322' title='bbox 784 2341 834 2360; x_wconf 84' lang='lat' dir='ltr'><strong>eas</strong></span> <span class='ocrx_word' id='word_1_323' title='bbox 850 2341 915 2360; x_wconf 87' lang='lat' dir='ltr'><strong>csse</strong></span> <span class='ocrx_word' id='word_1_324' title='bbox 930 2331 1026 2360; x_wconf 89' lang='lat' dir='ltr'><strong>nubes</strong></span> <span class='ocrx_word' id='word_1_325' title='bbox 1040 2330 1073 2359; x_wconf 90' lang='lat' dir='ltr'><strong>in</strong></span> 
     </span>
     <span class='ocr_line' id='line_1_36' title="bbox 250 2372 1072 2414; baseline -0.006 -8"><span class='ocrx_word' id='word_1_326' title='bbox 250 2375 328 2406; x_wconf 90' lang='lat' dir='ltr'><strong>Solis</strong></span> <span class='ocrx_word' id='word_1_327' title='bbox 349 2373 551 2413; x_wconf 64' lang='lat' dir='ltr'><strong>atmosphaera</strong></span> <span class='ocrx_word' id='word_1_328' title='bbox 570 2374 672 2408; x_wconf 87' lang='lat' dir='ltr'><strong>elatas,</strong></span> <span class='ocrx_word' id='word_1_329' title='bbox 694 2374 900 2414; x_wconf 83' lang='lat' dir='ltr'><strong>conjectatur;</strong></span> <span class='ocrx_word' id='word_1_330' title='bbox 922 2382 991 2413; x_wconf 81' lang='lat' dir='ltr'><strong>quae</strong></span> <span class='ocrx_word' id='word_1_331' title='bbox 1005 2372 1072 2412; x_wconf 91' lang='lat' dir='ltr'><strong>qui-</strong></span> 
     </span>
     <span class='ocr_line' id='line_1_37' title="bbox 248 2416 749 2455; baseline -0.006 -7"><span class='ocrx_word' id='word_1_332' title='bbox 248 2418 318 2448; x_wconf 91' lang='lat' dir='ltr'><strong>dem</strong></span> <span class='ocrx_word' id='word_1_333' title='bbox 333 2418 432 2447; x_wconf 83' lang='lat' dir='ltr'><strong>fuerat</strong></span> <span class='ocrx_word' id='word_1_334' title='bbox 452 2417 575 2455; x_wconf 88' lang='lat' dir='ltr'><strong>Kepleri</strong></span> <span class='ocrx_word' id='word_1_335' title='bbox 591 2416 749 2446; x_wconf 81' lang='lat' dir='ltr'><strong>sententia.</strong></span> 
     </span>
    </p>

    <p class='ocr_par' dir='ltr' id='par_1_5' title="bbox 247 2457 1075 2960">
     <span class='ocr_line' id='line_1_38' title="bbox 291 2457 1072 2502; baseline -0.008 -12"><span class='ocrx_word' id='word_1_336' title='bbox 291 2459 371 2502; x_wconf 65' lang='lat' dir='ltr'><strong>(q)&#39;*</strong></span> <span class='ocrx_word' id='word_1_337' title='bbox 390 2461 488 2499; x_wconf 76' lang='lat' dir='ltr'><strong>Spatia</strong></span> <span class='ocrx_word' id='word_1_338' title='bbox 504 2461 622 2490; x_wconf 77' lang='lat' dir='ltr'><strong>dierum</strong></span> <span class='ocrx_word' id='word_1_339' title='bbox 638 2460 772 2497; x_wconf 78' lang='lat' dir='ltr'><strong>triginta.</strong></span> <span class='ocrx_word' id='word_1_340' title='bbox 822 2457 854 2487; x_wconf 90' lang='lat' dir='ltr'><strong>Si</strong></span> <span class='ocrx_word' id='word_1_341' title='bbox 872 2466 960 2486; x_wconf 82' lang='lat' dir='ltr'><strong>arcus</strong></span> <span class='ocrx_word' id='word_1_342' title='bbox 979 2465 1072 2496; x_wconf 83' lang='lat' dir='ltr'><strong>quem</strong></span> 
     </span>
     <span class='ocr_line' id='line_1_39' title="bbox 248 2497 1073 2541; baseline -0.008 -8"><span class='ocrx_word' id='word_1_343' title='bbox 248 2502 371 2541; x_wconf 87' lang='lat' dir='ltr'><strong>Jupiter</strong></span> <span class='ocrx_word' id='word_1_344' title='bbox 392 2508 478 2531; x_wconf 88' lang='lat' dir='ltr'><strong>motu</strong></span> <span class='ocrx_word' id='word_1_345' title='bbox 501 2501 613 2530; x_wconf 91' lang='lat' dir='ltr'><strong>diurno</strong></span> <span class='ocrx_word' id='word_1_346' title='bbox 631 2500 734 2530; x_wconf 86' lang='lat' dir='ltr'><strong>medio</strong></span> <span class='ocrx_word' id='word_1_347' title='bbox 749 2498 828 2528; x_wconf 69' lang='lat' dir='ltr'><strong>circa</strong></span> <span class='ocrx_word' id='word_1_348' title='bbox 845 2498 946 2528; x_wconf 91' lang='lat' dir='ltr'><strong>Solem</strong></span> <span class='ocrx_word' id='word_1_349' title='bbox 963 2497 1073 2527; x_wconf 86' lang='lat' dir='ltr'><strong>descri-</strong></span> 
     </span>
     <span class='ocr_line' id='line_1_40' title="bbox 247 2539 1075 2582; baseline -0.008 -8"><span class='ocrx_word' id='word_1_350' title='bbox 247 2544 300 2579; x_wconf 87' lang='lat' dir='ltr'><strong>bit,</strong></span> <span class='ocrx_word' id='word_1_351' title='bbox 322 2544 543 2582; x_wconf 84' lang='lat' dir='ltr'><strong>multiplicetur</strong></span> <span class='ocrx_word' id='word_1_352' title='bbox 557 2552 611 2581; x_wconf 87' lang='lat' dir='ltr'><strong>per</strong></span> <span class='ocrx_word' id='word_1_353' title='bbox 624 2546 667 2572; x_wconf 76' lang='lat'><strong>30</strong></span> <span class='ocrx_word' id='word_1_354' title='bbox 681 2548 712 2571; x_wconf 90' lang='lat' dir='ltr'><strong>et</strong></span> <span class='ocrx_word' id='word_1_355' title='bbox 724 2541 839 2571; x_wconf 82' lang='lat' dir='ltr'><strong>factum</strong></span> <span class='ocrx_word' id='word_1_356' title='bbox 855 2539 1007 2569; x_wconf 85' lang='lat' dir='ltr'><strong>dividatur</strong></span> <span class='ocrx_word' id='word_1_357' title='bbox 1021 2549 1075 2577; x_wconf 89' lang='lat' dir='ltr'><strong>per</strong></span> 
     </span>
     <span class='ocr_line' id='line_1_41' title="bbox 248 2581 1075 2623; baseline -0.008 -7"><span class='ocrx_word' id='word_1_358' title='bbox 248 2586 521 2616; x_wconf 83' lang='lat' dir='ltr'><strong>semi-diametrum</strong></span> <span class='ocrx_word' id='word_1_359' title='bbox 546 2590 742 2623; x_wconf 68' lang='lat' dir='ltr'><strong>apparentem</strong></span> <span class='ocrx_word' id='word_1_360' title='bbox 766 2582 852 2614; x_wconf 89' lang='lat' dir='ltr'><strong>Jovis</strong></span> <span class='ocrx_word' id='word_1_361' title='bbox 872 2582 905 2610; x_wconf 92' lang='lat' dir='ltr'><strong>in</strong></span> <span class='ocrx_word' id='word_1_362' title='bbox 930 2581 1075 2610; x_wconf 89' lang='lat' dir='ltr'><strong>mediocri</strong></span> 
     </span>
     <span class='ocr_line' id='line_1_42' title="bbox 249 2624 1075 2668; baseline -0.008 -10"><span class='ocrx_word' id='word_1_363' title='bbox 249 2629 316 2668; x_wconf 88' lang='lat' dir='ltr'><strong>ejus</strong></span> <span class='ocrx_word' id='word_1_364' title='bbox 344 2626 488 2658; x_wconf 69' lang='lat' dir='ltr'><strong>distantia</strong></span> <span class='ocrx_word' id='word_1_365' title='bbox 516 2637 534 2656; x_wconf 83' lang='lat' dir='ltr'><strong>a</strong></span> <span class='ocrx_word' id='word_1_366' title='bbox 565 2624 671 2662; x_wconf 61' lang='lat' dir='ltr'><strong>Terra,</strong></span> <span class='ocrx_word' id='word_1_367' title='bbox 701 2631 814 2665; x_wconf 87' lang='lat' dir='ltr'><strong>quotus</strong></span> <span class='ocrx_word' id='word_1_368' title='bbox 843 2624 899 2653; x_wconf 81' lang='lat' dir='ltr'><strong>erit</strong></span> <span class='ocrx_word' id='word_1_369' title='bbox 928 2633 1075 2652; x_wconf 86' lang='lat' dir='ltr'><strong>numerus</strong></span> 
     </span>
     <span class='ocr_line' id='line_1_43' title="bbox 249 2665 1070 2706; baseline -0.009 -6"><span class='ocrx_word' id='word_1_370' title='bbox 249 2670 557 2700; x_wconf 83' lang='lat' dir='ltr'><strong>semi-diametrorum</strong></span> <span class='ocrx_word' id='word_1_371' title='bbox 573 2668 659 2699; x_wconf 90' lang='lat' dir='ltr'><strong>Jovis</strong></span> <span class='ocrx_word' id='word_1_372' title='bbox 674 2677 748 2706; x_wconf 78' lang='lat' dir='ltr'><strong>quas</strong></span> <span class='ocrx_word' id='word_1_373' title='bbox 766 2665 923 2695; x_wconf 82' lang='lat' dir='ltr'><strong>intervallo</strong></span> <span class='ocrx_word' id='word_1_374' title='bbox 944 2669 984 2695; x_wconf 77' lang='lat'><strong>80</strong></span> <span class='ocrx_word' id='word_1_375' title='bbox 1008 2665 1070 2694; x_wconf 89' lang='lat' dir='ltr'><strong>die-</strong></span> 
     </span>
     <span class='ocr_line' id='line_1_44' title="bbox 249 2707 1073 2742; baseline -0.008 0"><span class='ocrx_word' id='word_1_376' title='bbox 249 2721 318 2742; x_wconf 86' lang='lat' dir='ltr'><strong>rum</strong></span> <span class='ocrx_word' id='word_1_377' title='bbox 342 2712 491 2742; x_wconf 76' lang='lat' dir='ltr'><strong>describit.</strong></span> <span class='ocrx_word' id='word_1_378' title='bbox 541 2711 645 2740; x_wconf 87' lang='lat' dir='ltr'><strong>Potest</strong></span> <span class='ocrx_word' id='word_1_379' title='bbox 666 2710 756 2739; x_wconf 88' lang='lat' dir='ltr'><strong>etiam</strong></span> <span class='ocrx_word' id='word_1_380' title='bbox 776 2708 856 2738; x_wconf 88' lang='lat' dir='ltr'><strong>idem</strong></span> <span class='ocrx_word' id='word_1_381' title='bbox 880 2707 1006 2736; x_wconf 86' lang='lat' dir='ltr'><strong>inveniri</strong></span> <span class='ocrx_word' id='word_1_382' title='bbox 1028 2707 1073 2735; x_wconf 90' lang='lat' dir='ltr'><strong>di-</strong></span> 
     </span>
     <span class='ocr_line' id='line_1_45' title="bbox 250 2749 1074 2792; baseline -0.006 -9"><span class='ocrx_word' id='word_1_383' title='bbox 250 2754 364 2784; x_wconf 82' lang='lat' dir='ltr'><strong>cendo:</strong></span> <span class='ocrx_word' id='word_1_384' title='bbox 405 2761 440 2783; x_wconf 87' lang='lat' dir='ltr'><strong>ut</strong></span> <span class='ocrx_word' id='word_1_385' title='bbox 468 2760 590 2792; x_wconf 85' lang='lat' dir='ltr'><strong>tempus</strong></span> <span class='ocrx_word' id='word_1_386' title='bbox 618 2751 806 2791; x_wconf 86' lang='lat' dir='ltr'><strong>periodicum</strong></span> <span class='ocrx_word' id='word_1_387' title='bbox 835 2749 922 2781; x_wconf 87' lang='lat' dir='ltr'><strong>Jovis</strong></span> <span class='ocrx_word' id='word_1_388' title='bbox 947 2749 985 2778; x_wconf 74' lang='lat' dir='ltr'><strong>ad</strong></span> <span class='ocrx_word' id='word_1_389' title='bbox 1012 2753 1074 2779; x_wconf 80' lang='lat'><strong>360</strong></span> 
     </span>
     <span class='ocr_line' id='line_1_46' title="bbox 252 2790 1072 2835; baseline -0.006 -11"><span class='ocrx_word' id='word_1_390' title='bbox 252 2795 373 2835; x_wconf 87' lang='lat' dir='ltr'><strong>gradus,</strong></span> <span class='ocrx_word' id='word_1_391' title='bbox 398 2796 438 2825; x_wconf 62' lang='lat' dir='ltr'><strong>ita</strong></span> <span class='ocrx_word' id='word_1_392' title='bbox 463 2800 503 2825; x_wconf 81' lang='grc' dir='ltr'><strong>3ο</strong></span> <span class='ocrx_word' id='word_1_393' title='bbox 525 2795 589 2825; x_wconf 83' lang='lat' dir='ltr'><strong>dies</strong></span> <span class='ocrx_word' id='word_1_394' title='bbox 605 2794 641 2823; x_wconf 81' lang='lat' dir='ltr'><strong>ad</strong></span> <span class='ocrx_word' id='word_1_395' title='bbox 657 2803 761 2823; x_wconf 87' lang='lat' dir='ltr'><strong>arcum</strong></span> <span class='ocrx_word' id='word_1_396' title='bbox 784 2793 842 2822; x_wconf 90' lang='lat' dir='ltr'><strong>hoc</strong></span> <span class='ocrx_word' id='word_1_397' title='bbox 861 2798 997 2829; x_wconf 86' lang='lat' dir='ltr'><strong>tempore</strong></span> <span class='ocrx_word' id='word_1_398' title='bbox 1020 2790 1072 2820; x_wconf 86' lang='lat' dir='ltr'><strong>de-</strong></span> 
     </span>
     <span class='ocr_line' id='line_1_47' title="bbox 251 2833 1073 2875; baseline -0.006 -9"><span class='ocrx_word' id='word_1_399' title='bbox 251 2837 406 2875; x_wconf 78' lang='lat' dir='ltr'><strong>scriptum,</strong></span> <span class='ocrx_word' id='word_1_400' title='bbox 416 2837 465 2866; x_wconf 90' lang='lat' dir='ltr'><strong>hic</strong></span> <span class='ocrx_word' id='word_1_401' title='bbox 478 2848 565 2867; x_wconf 82' lang='lat' dir='ltr'><strong>arcus</strong></span> <span class='ocrx_word' id='word_1_402' title='bbox 576 2836 728 2866; x_wconf 83' lang='lat' dir='ltr'><strong>dividatur</strong></span> <span class='ocrx_word' id='word_1_403' title='bbox 736 2845 790 2874; x_wconf 89' lang='lat' dir='ltr'><strong>per</strong></span> <span class='ocrx_word' id='word_1_404' title='bbox 801 2834 874 2864; x_wconf 87' lang='lat' dir='ltr'><strong>semi</strong></span> <span class='ocrx_word' id='word_1_405' title='bbox 883 2833 1073 2863; x_wconf 80' lang='lat' dir='ltr'><strong>-dinmetrum</strong></span> 
     </span>
     <span class='ocr_line' id='line_1_48' title="bbox 251 2875 1074 2918; baseline -0.006 -10"><span class='ocrx_word' id='word_1_406' title='bbox 251 2886 446 2917; x_wconf 82' lang='lat' dir='ltr'><strong>apparentem</strong></span> <span class='ocrx_word' id='word_1_407' title='bbox 465 2879 559 2915; x_wconf 75' lang='lat' dir='ltr'><strong>Jovis,</strong></span> <span class='ocrx_word' id='word_1_408' title='bbox 583 2887 613 2908; x_wconf 89' lang='lat' dir='ltr'><strong>et</strong></span> <span class='ocrx_word' id='word_1_409' title='bbox 627 2886 738 2918; x_wconf 86' lang='lat' dir='ltr'><strong>quotus</strong></span> <span class='ocrx_word' id='word_1_410' title='bbox 753 2877 810 2907; x_wconf 83' lang='lat' dir='ltr'><strong>erit</strong></span> <span class='ocrx_word' id='word_1_411' title='bbox 825 2885 970 2905; x_wconf 79' lang='lat' dir='ltr'><strong>numerus</strong></span> <span class='ocrx_word' id='word_1_412' title='bbox 984 2875 1074 2904; x_wconf 88' lang='lat' dir='ltr'><strong>semi-</strong></span> 
     </span>
     <span class='ocr_line' id='line_1_49' title="bbox 252 2918 1036 2960; baseline -0.006 -10"><span class='ocrx_word' id='word_1_413' title='bbox 252 2920 468 2951; x_wconf 81' lang='lat' dir='ltr'><strong>diametrorum</strong></span> <span class='ocrx_word' id='word_1_414' title='bbox 485 2931 559 2960; x_wconf 77' lang='lat' dir='ltr'><strong>quas</strong></span> <span class='ocrx_word' id='word_1_415' title='bbox 574 2921 698 2959; x_wconf 79' lang='lat' dir='ltr'><strong>Jupiter</strong></span> <span class='ocrx_word' id='word_1_416' title='bbox 713 2924 753 2950; x_wconf 85' lang='grc'><strong>30</strong></span> <span class='ocrx_word' id='word_1_417' title='bbox 767 2919 874 2949; x_wconf 81' lang='lat' dir='ltr'><strong>diebus</strong></span> <span class='ocrx_word' id='word_1_418' title='bbox 889 2918 1036 2947; x_wconf 81' lang='lat' dir='ltr'><strong>describit.</strong></span> 
     </span>
    </p>

    <p class='ocr_par' dir='ltr' id='par_1_6' title="bbox 256 2960 1075 3048">
     <span class='ocr_line' id='line_1_50' title="bbox 295 2960 1072 3005; baseline -0.006 -12"><span class='ocrx_word' id='word_1_419' title='bbox 295 2963 339 3005; x_wconf 76' lang='lat'><strong>(¹)</strong></span> <span class='ocrx_word' id='word_1_420' title='bbox 362 2964 378 2982; x_wconf 48' lang='grc' dir='ltr'>ὕ</span> <span class='ocrx_word' id='word_1_421' title='bbox 400 2964 559 2992; x_wconf 79' lang='lat' dir='ltr'><strong>Amitteret</strong></span> <span class='ocrx_word' id='word_1_422' title='bbox 580 2965 614 2994; x_wconf 78' lang='lat' dir='ltr'><strong>in</strong></span> <span class='ocrx_word' id='word_1_423' title='bbox 637 2964 732 2993; x_wconf 84' lang='lat' dir='ltr'><strong>medio</strong></span> <span class='ocrx_word' id='word_1_424' title='bbox 755 2962 888 3001; x_wconf 65' lang='lat' dir='ltr'><strong>ejusdem</strong></span> <span class='ocrx_word' id='word_1_425' title='bbox 910 2960 1072 2990; x_wconf 78' lang='lat' dir='ltr'><strong>densitatis.</strong></span> 
     </span>
     <span class='ocr_line' id='line_1_51' title="bbox 256 3000 1075 3048; baseline -0.007 -12"><span class='ocrx_word' id='word_1_426' title='bbox 256 3006 324 3048; x_wconf 85' lang='lat' dir='ltr'><strong>(per</strong></span> <span class='ocrx_word' id='word_1_427' title='bbox 345 3004 437 3035; x_wconf 86' lang='lat' dir='ltr'><strong>schol.</strong></span> <span class='ocrx_word' id='word_1_428' title='bbox 459 3004 551 3043; x_wconf 86' lang='lat' dir='ltr'><strong>Prop.</strong></span> <span class='ocrx_word' id='word_1_429' title='bbox 572 3004 646 3035; x_wconf 89' lang='lat' dir='ltr'><strong>XL.</strong></span> <span class='ocrx_word' id='word_1_430' title='bbox 675 3004 744 3035; x_wconf 85' lang='lat' dir='ltr'><strong>Lib.</strong></span> <span class='ocrx_word' id='word_1_431' title='bbox 767 3002 814 3034; x_wconf 93' lang='lat'><strong>11.</strong></span> <span class='ocrx_word' id='word_1_432' title='bbox 844 3002 924 3033; x_wconf 83' lang='lat' dir='ltr'><strong>circa</strong></span> <span class='ocrx_word' id='word_1_433' title='bbox 949 3000 1075 3041; x_wconf 85' lang='lat' dir='ltr'><strong>sinem.)</strong></span> 
     </span>
    </p>
   </div>
   <div class='ocr_carea' id='block_1_5' title="bbox 1113 1780 1940 1821">
    <p class='ocr_par' dir='ltr' id='par_1_7' title="bbox 1113 1780 1940 1821">
     <span class='ocr_line' id='line_1_52' title="bbox 1113 1780 1940 1821; baseline -0.005 -6"><span class='ocrx_word' id='word_1_434' title='bbox 1113 1785 1147 1814; x_wconf 91' lang='lat' dir='ltr'><strong>in</strong></span> <span class='ocrx_word' id='word_1_435' title='bbox 1158 1794 1254 1815; x_wconf 86' lang='lat' dir='ltr'><strong>vacuo</strong></span> <span class='ocrx_word' id='word_1_436' title='bbox 1268 1784 1416 1814; x_wconf 80' lang='lat' dir='ltr'><strong>describet</strong></span> <span class='ocrx_word' id='word_1_437' title='bbox 1430 1782 1562 1821; x_wconf 85' lang='lat' dir='ltr'><strong>spatium</strong></span> <span class='ocrx_word' id='word_1_438' title='bbox 1576 1782 1597 1811; x_wconf 95' lang='lat' dir='ltr'>S</span> <span class='ocrx_word' id='word_1_439' title='bbox 1608 1780 1689 1821; x_wconf 87' lang='lat' dir='ltr'><strong>quod</strong></span> <span class='ocrx_word' id='word_1_440' title='bbox 1705 1781 1747 1814; x_wconf 78' lang='lat' dir='ltr'><strong>sit</strong></span> <span class='ocrx_word' id='word_1_441' title='bbox 1757 1781 1795 1811; x_wconf 88' lang='lat' dir='ltr'><strong>ad</strong></span> <span class='ocrx_word' id='word_1_442' title='bbox 1807 1782 1940 1820; x_wconf 87' lang='lat' dir='ltr'><strong>spatium</strong></span> 
     </span>
    </p>
   </div>
   <div class='ocr_carea' id='block_1_6' title="bbox 1113 1828 1940 1962">
    <p class='ocr_par' dir='ltr' id='par_1_8' title="bbox 1113 1828 1940 1962">
     <span class='ocr_line' id='line_1_53' title="bbox 1114 1828 1938 1878; baseline -0.005 -10"><span class='ocrx_word' id='word_1_443' title='bbox 1114 1828 1140 1878; x_wconf 58' lang='grc' dir='ltr'><strong>ἓν</strong></span> <span class='ocrx_word' id='word_1_444' title='bbox 1158 1838 1190 1868; x_wconf 94' lang='lat' dir='ltr'>D</span> <span class='ocrx_word' id='word_1_445' title='bbox 1205 1843 1241 1867; x_wconf 87' lang='lat' dir='ltr'><strong>ut</strong></span> <span class='ocrx_word' id='word_1_446' title='bbox 1256 1837 1388 1867; x_wconf 73' lang='lat' dir='ltr'><strong>densitas</strong></span> <span class='ocrx_word' id='word_1_447' title='bbox 1399 1835 1486 1867; x_wconf 85' lang='lat' dir='ltr'><strong>Jovis</strong></span> <span class='ocrx_word' id='word_1_448' title='bbox 1500 1834 1539 1864; x_wconf 88' lang='lat' dir='ltr'><strong>ad</strong></span> <span class='ocrx_word' id='word_1_449' title='bbox 1554 1834 1734 1864; x_wconf 85' lang='lat' dir='ltr'><strong>densitatem</strong></span> <span class='ocrx_word' id='word_1_450' title='bbox 1745 1835 1822 1865; x_wconf 63' lang='lat' dir='ltr'><strong>aeris</strong></span> <span class='ocrx_word' id='word_1_451' title='bbox 1833 1835 1938 1873; x_wconf 81' lang='lat' dir='ltr'><strong>nostri,</strong></span> 
     </span>
     <span class='ocr_line' id='line_1_54' title="bbox 1113 1875 1939 1914; baseline -0.002 -5"><span class='ocrx_word' id='word_1_452' title='bbox 1113 1881 1171 1911; x_wconf 88' lang='lat' dir='ltr'><strong>hoc</strong></span> <span class='ocrx_word' id='word_1_453' title='bbox 1186 1885 1238 1914; x_wconf 81' lang='lat' dir='ltr'><strong>est,</strong></span> <span class='ocrx_word' id='word_1_454' title='bbox 1255 1885 1291 1909; x_wconf 86' lang='lat' dir='ltr'><strong>ut</strong></span> <span class='ocrx_word' id='word_1_455' title='bbox 1305 1882 1367 1909; x_wconf 88' lang='lat'><strong>860</strong></span> <span class='ocrx_word' id='word_1_456' title='bbox 1381 1877 1420 1908; x_wconf 84' lang='lat' dir='ltr'><strong>ad</strong></span> <span class='ocrx_word' id='word_1_457' title='bbox 1438 1881 1451 1907; x_wconf 92' lang='lat'>1</span> <span class='ocrx_word' id='word_1_458' title='bbox 1469 1876 1587 1907; x_wconf 83' lang='lat' dir='ltr'><strong>circiter</strong></span> <span class='ocrx_word' id='word_1_459' title='bbox 1602 1875 1726 1914; x_wconf 77' lang='lat' dir='ltr'><strong>Jupiter</strong></span> <span class='ocrx_word' id='word_1_460' title='bbox 1739 1876 1771 1906; x_wconf 91' lang='lat' dir='ltr'><strong>in</strong></span> <span class='ocrx_word' id='word_1_461' title='bbox 1785 1877 1854 1907; x_wconf 73' lang='lat' dir='ltr'><strong>a‘ere</strong></span> <span class='ocrx_word' id='word_1_462' title='bbox 1869 1887 1939 1907; x_wconf 75' lang='lat' dir='ltr'><strong>nos·</strong></span> 
     </span>
     <span class='ocr_line' id='line_1_55' title="bbox 1114 1918 1940 1962; baseline -0.002 -10"><span class='ocrx_word' id='word_1_463' title='bbox 1114 1928 1162 1952; x_wconf 86' lang='lat' dir='ltr'><strong>tro</strong></span> <span class='ocrx_word' id='word_1_464' title='bbox 1185 1922 1337 1962; x_wconf 84' lang='lat' dir='ltr'><strong>projectus</strong></span> <span class='ocrx_word' id='word_1_465' title='bbox 1361 1929 1434 1951; x_wconf 87' lang='lat' dir='ltr'><strong>cum</strong></span> <span class='ocrx_word' id='word_1_466' title='bbox 1456 1918 1614 1949; x_wconf 84' lang='lat' dir='ltr'><strong>velocitate</strong></span> <span class='ocrx_word' id='word_1_467' title='bbox 1631 1918 1662 1948; x_wconf 92' lang='lat' dir='ltr'>V</span> <span class='ocrx_word' id='word_1_468' title='bbox 1676 1924 1812 1958; x_wconf 85' lang='lat' dir='ltr'><strong>tempore</strong></span> <span class='ocrx_word' id='word_1_469' title='bbox 1833 1919 1940 1960; x_wconf 76' lang='lat' dir='ltr'><strong>quovis</strong></span> 
     </span>
    </p>
   </div>
   <div class='ocr_carea' id='block_1_7' title="bbox 1114 1962 1937 2056">
    <p class='ocr_par' dir='ltr' id='par_1_9' title="bbox 1114 1962 1937 2056">
     <span class='ocr_line' id='line_1_56' title="bbox 1114 1962 1937 2056; baseline -0.006 -36"><span class='ocrx_word' id='word_1_470' title='bbox 1114 1989 1175 2020; x_wconf 78' lang='lat' dir='ltr'><strong>alio</strong></span> <span class='ocrx_word' id='word_1_471' title='bbox 1199 1988 1357 2027; x_wconf 12' lang='lat' dir='ltr'><strong>tssamittet</strong></span> <span class='ocrx_word' id='word_1_472' title='bbox 1384 1986 1550 2018; x_wconf 84' lang='lat' dir='ltr'><strong>velocitatis</strong></span> <span class='ocrx_word' id='word_1_473' title='bbox 1579 1997 1643 2017; x_wconf 61' lang='lat' dir='ltr'><strong>sune</strong></span> <span class='ocrx_word' id='word_1_474' title='bbox 1671 1992 1788 2026; x_wconf 86' lang='lat' dir='ltr'><strong>partem</strong></span> <span class='ocrx_word' id='word_1_475' title='bbox 1817 1962 1937 2056; x_wconf 46' lang='lat' dir='ltr'><strong>lss-{vssi’</strong></span> 
     </span>
    </p>
   </div>
   <div class='ocr_carea' id='block_1_8' title="bbox 1115 2054 1941 2180">
    <p class='ocr_par' dir='ltr' id='par_1_10' title="bbox 1115 2054 1941 2180">
     <span class='ocr_line' id='line_1_57' title="bbox 1118 2054 1940 2098; baseline -0.002 -10"><span class='ocrx_word' id='word_1_476' title='bbox 1118 2058 1274 2094; x_wconf 77' lang='lat' dir='ltr'><strong>Quoniam</strong></span> <span class='ocrx_word' id='word_1_477' title='bbox 1296 2057 1390 2098; x_wconf 84' lang='lat' dir='ltr'><strong>igitur</strong></span> <span class='ocrx_word' id='word_1_478' title='bbox 1409 2055 1533 2094; x_wconf 83' lang='lat' dir='ltr'><strong>Jupiter</strong></span> <span class='ocrx_word' id='word_1_479' title='bbox 1551 2054 1710 2085; x_wconf 81' lang='lat' dir='ltr'><strong>intervallo</strong></span> <span class='ocrx_word' id='word_1_480' title='bbox 1723 2059 1765 2085; x_wconf 78' lang='lat'><strong>50</strong></span> <span class='ocrx_word' id='word_1_481' title='bbox 1779 2054 1853 2086; x_wconf 86' lang='lat' dir='ltr'><strong>dier.</strong></span> <span class='ocrx_word' id='word_1_482' title='bbox 1873 2057 1940 2086; x_wconf 85' lang='lat' dir='ltr'><strong>lon-</strong></span> 
     </span>
     <span class='ocr_line' id='line_1_58' title="bbox 1115 2099 1941 2180; baseline 0 -25"><span class='ocrx_word' id='word_1_483' title='bbox 1115 2125 1256 2167; x_wconf 83' lang='lat' dir='ltr'><strong>gitudine</strong></span> <span class='ocrx_word' id='word_1_484' title='bbox 1271 2128 1333 2157; x_wconf 83' lang='lat'><strong>459</strong></span> <span class='ocrx_word' id='word_1_485' title='bbox 1353 2099 1396 2180; x_wconf 57' lang='lat'><strong>{-</strong></span> <span class='ocrx_word' id='word_1_486' title='bbox 1418 2122 1569 2160; x_wconf 81' lang='lat' dir='ltr'><strong>describit,</strong></span> <span class='ocrx_word' id='word_1_487' title='bbox 1592 2129 1622 2153; x_wconf 88' lang='lat' dir='ltr'><strong>et</strong></span> <span class='ocrx_word' id='word_1_488' title='bbox 1638 2123 1769 2153; x_wconf 78' lang='lat' dir='ltr'><strong>densitas</strong></span> <span class='ocrx_word' id='word_1_489' title='bbox 1789 2123 1878 2155; x_wconf 79' lang='lat' dir='ltr'><strong>Jovis</strong></span> <span class='ocrx_word' id='word_1_490' title='bbox 1895 2130 1941 2155; x_wconf 77' lang='lat' dir='ltr'><strong>est</strong></span> 
     </span>
    </p>
   </div>
   <div class='ocr_carea' id='block_1_9' title="bbox 1116 2191 1939 2230">
    <p class='ocr_par' dir='ltr' id='par_1_11' title="bbox 1116 2191 1939 2230">
     <span class='ocr_line' id='line_1_59' title="bbox 1116 2191 1939 2230; baseline 0 -6"><span class='ocrx_word' id='word_1_491' title='bbox 1116 2193 1155 2224; x_wconf 83' lang='lat' dir='ltr'><strong>ad</strong></span> <span class='ocrx_word' id='word_1_492' title='bbox 1178 2194 1357 2224; x_wconf 85' lang='lat' dir='ltr'><strong>densitatem</strong></span> <span class='ocrx_word' id='word_1_493' title='bbox 1379 2192 1456 2223; x_wconf 75' lang='lat' dir='ltr'><strong>a&#39;eris</strong></span> <span class='ocrx_word' id='word_1_494' title='bbox 1477 2191 1571 2222; x_wconf 84' lang='lat' dir='ltr'><strong>nostri</strong></span> <span class='ocrx_word' id='word_1_495' title='bbox 1593 2198 1628 2222; x_wconf 85' lang='lat' dir='ltr'><strong>ut</strong></span> <span class='ocrx_word' id='word_1_496' title='bbox 1648 2194 1711 2221; x_wconf 88' lang='lat'><strong>860</strong></span> <span class='ocrx_word' id='word_1_497' title='bbox 1724 2191 1762 2220; x_wconf 84' lang='lat' dir='ltr'><strong>ad</strong></span> <span class='ocrx_word' id='word_1_498' title='bbox 1780 2193 1793 2220; x_wconf 91' lang='lat'><em>1</em></span> <span class='ocrx_word' id='word_1_499' title='bbox 1811 2191 1939 2230; x_wconf 83' lang='lat' dir='ltr'><strong>circiter,</strong></span> 
     </span>
    </p>
   </div>
   <div class='ocr_carea' id='block_1_10' title="bbox 1611 2368 1738 2375">
    <p class='ocr_par' dir='ltr' id='par_1_12' title="bbox 1611 2368 1738 2375">
     <span class='ocr_line' id='line_1_60' title="bbox 1611 2368 1738 2375; baseline 0 0"><span class='ocrx_word' id='word_1_500' title='bbox 1611 2368 1738 2375; x_wconf 95' lang='lat' dir='ltr'><strong> </strong></span> 
     </span>
    </p>
   </div>
   <div class='ocr_carea' id='block_1_11' title="bbox 1801 2461 1928 2467">
    <p class='ocr_par' dir='ltr' id='par_1_13' title="bbox 1801 2461 1928 2467">
     <span class='ocr_line' id='line_1_61' title="bbox 1801 2461 1928 2467; baseline 0 0"><span class='ocrx_word' id='word_1_501' title='bbox 1801 2461 1928 2467; x_wconf 95' lang='lat' dir='ltr'><strong> </strong></span> 
     </span>
    </p>
   </div>
   <div class='ocr_carea' id='block_1_12' title="bbox 1169 2559 1295 2566">
    <p class='ocr_par' dir='ltr' id='par_1_14' title="bbox 1169 2559 1295 2566">
     <span class='ocr_line' id='line_1_62' title="bbox 1169 2559 1295 2566; baseline 0 0"><span class='ocrx_word' id='word_1_502' title='bbox 1169 2559 1295 2566; x_wconf 95' lang='lat' dir='ltr'><strong> </strong></span> 
     </span>
    </p>
   </div>
   <div class='ocr_carea' id='block_1_13' title="bbox 1378 2559 1491 2566">
    <p class='ocr_par' dir='ltr' id='par_1_15' title="bbox 1378 2559 1491 2566">
     <span class='ocr_line' id='line_1_63' title="bbox 1378 2559 1491 2566; baseline 0 904"><span class='ocrx_word' id='word_1_503' title='bbox 1378 2559 1491 2566; x_wconf 95' lang='lat' dir='ltr'><strong> </strong></span> 
     </span>
    </p>
   </div>
   <div class='ocr_carea' id='block_1_14' title="bbox 1115 2235 1940 2610">
    <p class='ocr_par' dir='ltr' id='par_1_16' title="bbox 1115 2235 1940 2411">
     <span class='ocr_line' id='line_1_64' title="bbox 1117 2235 1936 2316; baseline -0.002 -25"><span class='ocrx_word' id='word_1_504' title='bbox 1117 2262 1362 2293; x_wconf 74' lang='lat' dir='ltr'><strong>erit12860=</strong></span> <span class='ocrx_word' id='word_1_505' title='bbox 1384 2238 1494 2316; x_wconf 59' lang='lat'>{5122</span> <span class='ocrx_word' id='word_1_506' title='bbox 1513 2237 1855 2315; x_wconf 59' lang='lat' dir='ltr'><strong>s=533⁸-‘3D,et459</strong></span> <span class='ocrx_word' id='word_1_507' title='bbox 1877 2235 1936 2306; x_wconf 65' lang='lat'>¹7³--</span> 
     </span>
     <span class='ocr_line' id='line_1_65' title="bbox 1115 2329 1940 2411; baseline -0.006 -24"><span class='ocrx_word' id='word_1_508' title='bbox 1115 2360 1158 2387; x_wconf 82' lang='lat'><strong>30</strong></span> <span class='ocrx_word' id='word_1_509' title='bbox 1172 2355 1245 2392; x_wconf 75' lang='lat' dir='ltr'><strong>dies,</strong></span> <span class='ocrx_word' id='word_1_510' title='bbox 1260 2368 1306 2385; x_wconf 92' lang='lat'>=</span> <span class='ocrx_word' id='word_1_511' title='bbox 1320 2331 1405 2411; x_wconf 45' lang='lat'><strong>&amp;³5⁸9</strong></span> <span class='ocrx_word' id='word_1_512' title='bbox 1422 2354 1455 2384; x_wconf 91' lang='lat' dir='ltr'>D</span> <span class='ocrx_word' id='word_1_513' title='bbox 1470 2366 1479 2384; x_wconf 59' lang='grc' dir='ltr'>ι</span> <span class='ocrx_word' id='word_1_514' title='bbox 1500 2353 1530 2384; x_wconf 78' lang='lat' dir='ltr'><strong>&#39;r</strong></span> <span class='ocrx_word' id='word_1_515' title='bbox 1543 2365 1588 2382; x_wconf 86' lang='lat'>=</span> <span class='ocrx_word' id='word_1_516' title='bbox 1614 2329 1747 2410; x_wconf 51' lang='grc'><strong>15475630.</strong></span> <span class='ocrx_word' id='word_1_517' title='bbox 1796 2352 1891 2383; x_wconf 76' lang='lat' dir='ltr'><strong>Unde</strong></span> <span class='ocrx_word' id='word_1_518' title='bbox 1914 2353 1940 2382; x_wconf 65' lang='lat' dir='ltr'><strong>si</strong></span> 
     </span>
    </p>

    <p class='ocr_par' dir='ltr' id='par_1_17' title="bbox 1116 2398 1938 2610">
     <span class='ocr_line' id='line_1_66' title="bbox 1181 2398 1929 2454; baseline -0.009 3"><span class='ocrx_word' id='word_1_519' title='bbox 1181 2430 1190 2440; x_wconf 90' lang='lat'><strong>·</strong></span> <span class='ocrx_word' id='word_1_520' title='bbox 1459 2447 1466 2454; x_wconf 93' lang='lat'><strong>.</strong></span> <span class='ocrx_word' id='word_1_521' title='bbox 1567 2446 1575 2453; x_wconf 93' lang='lat'><strong>.</strong></span> <span class='ocrx_word' id='word_1_522' title='bbox 1723 2398 1730 2405; x_wconf 55' lang='grc'><strong>’</strong></span> <span class='ocrx_word' id='word_1_523' title='bbox 1807 2422 1929 2450; x_wconf 78' lang='lat'>151570</span> 
     </span>
     <span class='ocr_line' id='line_1_67' title="bbox 1116 2446 1938 2503; baseline -0.005 -25"><span class='ocrx_word' id='word_1_524' title='bbox 1116 2454 1249 2488; x_wconf 85' lang='lat' dir='ltr'><strong>ponatur</strong></span> <span class='ocrx_word' id='word_1_525' title='bbox 1272 2453 1285 2477; x_wconf 90' lang='lat' dir='ltr'><strong>t</strong></span> <span class='ocrx_word' id='word_1_526' title='bbox 1304 2459 1350 2476; x_wconf 92' lang='lat'>=</span> <span class='ocrx_word' id='word_1_527' title='bbox 1372 2451 1415 2478; x_wconf 85' lang='lat'><strong>30</strong></span> <span class='ocrx_word' id='word_1_528' title='bbox 1436 2447 1514 2477; x_wconf 80' lang='lat' dir='ltr'><strong>dieb.</strong></span> <span class='ocrx_word' id='word_1_529' title='bbox 1533 2452 1591 2477; x_wconf 83' lang='lat' dir='ltr'><strong>erit</strong></span> <span class='ocrx_word' id='word_1_530' title='bbox 1608 2446 1638 2477; x_wconf 91' lang='lat' dir='ltr'>T</span> <span class='ocrx_word' id='word_1_531' title='bbox 1653 2446 1694 2488; x_wconf 69' lang='lat'><em>4</em></span> <span class='ocrx_word' id='word_1_532' title='bbox 1708 2453 1722 2476; x_wconf 86' lang='lat' dir='ltr'><strong>t</strong></span> <span class='ocrx_word' id='word_1_533' title='bbox 1734 2459 1780 2475; x_wconf 92' lang='lat'><strong><em>=</em></strong></span> <span class='ocrx_word' id='word_1_534' title='bbox 1834 2476 1896 2503; x_wconf 78' lang='lat'><strong>459</strong></span> <span class='ocrx_word' id='word_1_535' title='bbox 1928 2466 1938 2482; x_wconf 91' lang='lat'>‚</span> 
     </span>
     <span class='ocr_line' id='line_1_68' title="bbox 1117 2516 1934 2610; baseline -0.004 -38"><span class='ocrx_word' id='word_1_536' title='bbox 1117 2549 1147 2572; x_wconf 83' lang='lat' dir='ltr'><strong>et</strong></span> <span class='ocrx_word' id='word_1_537' title='bbox 1172 2571 1199 2598; x_wconf 61' lang='grc' dir='ltr'><strong>,Γ</strong></span> <span class='ocrx_word' id='word_1_538' title='bbox 1222 2522 1264 2610; x_wconf 49' lang='lat' dir='ltr'><strong>J*-</strong></span> <span class='ocrx_word' id='word_1_539' title='bbox 1286 2555 1358 2599; x_wconf 74' lang='lat' dir='ltr'><strong>t=</strong></span> <span class='ocrx_word' id='word_1_540' title='bbox 1384 2519 1480 2598; x_wconf 49' lang='lat'>:33⁷7</span> <span class='ocrx_word' id='word_1_541' title='bbox 1512 2554 1556 2570; x_wconf 93' lang='lat'><strong><em>=</em></strong></span> <span class='ocrx_word' id='word_1_542' title='bbox 1578 2543 1715 2577; x_wconf 86' lang='lat' dir='ltr'><strong>o,09096</strong></span> <span class='ocrx_word' id='word_1_543' title='bbox 1736 2551 1782 2568; x_wconf 92' lang='lat'><strong><em>=</em></strong></span> <span class='ocrx_word' id='word_1_544' title='bbox 1800 2516 1839 2595; x_wconf 65' lang='lat'><strong>1¹—0</strong></span> <span class='ocrx_word' id='word_1_545' title='bbox 1863 2536 1934 2570; x_wconf 64' lang='lat' dir='ltr'><strong>fere.</strong></span> 
     </span>
    </p>
   </div>
   <div class='ocr_carea' id='block_1_15' title="bbox 1116 2604 1944 3040">
    <p class='ocr_par' dir='ltr' id='par_1_18' title="bbox 1116 2604 1941 2733">
     <span class='ocr_line' id='line_1_69' title="bbox 1121 2604 1941 2649; baseline -0.006 -9"><span class='ocrx_word' id='word_1_546' title='bbox 1121 2610 1203 2641; x_wconf 73' lang='lat' dir='ltr'><strong>Cum</strong></span> <span class='ocrx_word' id='word_1_547' title='bbox 1229 2617 1331 2640; x_wconf 80' lang='lat' dir='ltr'><strong>autem</strong></span> <span class='ocrx_word' id='word_1_548' title='bbox 1352 2610 1475 2649; x_wconf 82' lang='lat' dir='ltr'><strong>Jupiter</strong></span> <span class='ocrx_word' id='word_1_549' title='bbox 1499 2615 1687 2647; x_wconf 84' lang='lat' dir='ltr'><strong>supponatur</strong></span> <span class='ocrx_word' id='word_1_550' title='bbox 1706 2605 1799 2647; x_wconf 68' lang='lat' dir='ltr'><strong>paulo</strong></span> <span class='ocrx_word' id='word_1_551' title='bbox 1819 2604 1941 2637; x_wconf 74' lang='lat' dir='ltr'><strong>densior</strong></span> 
     </span>
     <span class='ocr_line' id='line_1_70' title="bbox 1116 2649 1940 2692; baseline -0.005 -10"><span class='ocrx_word' id='word_1_552' title='bbox 1116 2652 1208 2692; x_wconf 60' lang='lat' dir='ltr'><strong>quam</strong></span> <span class='ocrx_word' id='word_1_553' title='bbox 1248 2663 1336 2692; x_wconf 83' lang='lat' dir='ltr'><strong>aqua,</strong></span> <span class='ocrx_word' id='word_1_554' title='bbox 1373 2653 1521 2681; x_wconf 86' lang='lat' dir='ltr'><strong>minorem</strong></span> <span class='ocrx_word' id='word_1_555' title='bbox 1556 2651 1656 2680; x_wconf 85' lang='lat' dir='ltr'><strong>adhuc</strong></span> <span class='ocrx_word' id='word_1_556' title='bbox 1685 2649 1848 2680; x_wconf 81' lang='lat' dir='ltr'><strong>velocitatis</strong></span> <span class='ocrx_word' id='word_1_557' title='bbox 1875 2657 1940 2677; x_wconf 65' lang='lat' dir='ltr'><strong>sue</strong></span> 
     </span>
     <span class='ocr_line' id='line_1_71' title="bbox 1116 2694 1651 2733; baseline -0.004 -9"><span class='ocrx_word' id='word_1_558' title='bbox 1116 2702 1231 2733; x_wconf 89' lang='lat' dir='ltr'><strong>partem</strong></span> <span class='ocrx_word' id='word_1_559' title='bbox 1247 2695 1396 2724; x_wconf 85' lang='lat' dir='ltr'><strong>amitteret</strong></span> <span class='ocrx_word' id='word_1_560' title='bbox 1410 2694 1441 2722; x_wconf 92' lang='lat' dir='ltr'><strong>in</strong></span> <span class='ocrx_word' id='word_1_561' title='bbox 1458 2694 1525 2723; x_wconf 79' lang='lat' dir='ltr'><strong>a&#39;e&#39;re</strong></span> <span class='ocrx_word' id='word_1_562' title='bbox 1540 2700 1651 2722; x_wconf 89' lang='lat' dir='ltr'><strong>nostro.</strong></span> 
     </span>
    </p>

    <p class='ocr_par' dir='ltr' id='par_1_19' title="bbox 1117 2742 1944 3040">
     <span class='ocr_line' id='line_1_72' title="bbox 1161 2742 1942 2788; baseline -0.006 -10"><span class='ocrx_word' id='word_1_563' title='bbox 1161 2747 1202 2788; x_wconf 81' lang='lat'><strong>(⁸)</strong></span> <span class='ocrx_word' id='word_1_564' title='bbox 1230 2751 1278 2778; x_wconf 92' lang='grc'><strong>70.</strong></span> <span class='ocrx_word' id='word_1_565' title='bbox 1310 2749 1326 2766; x_wconf 64' lang='grc'><strong><em>*</em></strong></span> <span class='ocrx_word' id='word_1_566' title='bbox 1351 2749 1412 2777; x_wconf 79' lang='lat' dir='ltr'><strong>A&#39;e&#39;r</strong></span> <span class='ocrx_word' id='word_1_567' title='bbox 1438 2748 1477 2776; x_wconf 86' lang='lat' dir='ltr'><strong>ibi</strong></span> <span class='ocrx_word' id='word_1_568' title='bbox 1502 2749 1599 2776; x_wconf 85' lang='lat' dir='ltr'><strong>rarior</strong></span> <span class='ocrx_word' id='word_1_569' title='bbox 1610 2747 1707 2787; x_wconf 70' lang='lat' dir='ltr'><strong>firet.</strong></span> <span class='ocrx_word' id='word_1_570' title='bbox 1755 2743 1786 2775; x_wconf 90' lang='lat' dir='ltr'><strong>Si</strong></span> <span class='ocrx_word' id='word_1_571' title='bbox 1811 2742 1942 2782; x_wconf 64' lang='lat' dir='ltr'><strong>gravitas</strong></span> 
     </span>
     <span class='ocr_line' id='line_1_73' title="bbox 1117 2784 1940 2829; baseline -0.006 -10"><span class='ocrx_word' id='word_1_572' title='bbox 1117 2789 1332 2829; x_wconf 83' lang='lat' dir='ltr'><strong>particularum</strong></span> <span class='ocrx_word' id='word_1_573' title='bbox 1347 2789 1424 2818; x_wconf 74' lang='lat' dir='ltr'><strong>a‘dris</strong></span> <span class='ocrx_word' id='word_1_574' title='bbox 1446 2788 1475 2817; x_wconf 87' lang='lat' dir='ltr'><strong>in</strong></span> <span class='ocrx_word' id='word_1_575' title='bbox 1492 2799 1563 2817; x_wconf 83' lang='lat' dir='ltr'><strong>omn</strong></span> <span class='ocrx_word' id='word_1_576' title='bbox 1577 2790 1634 2817; x_wconf 85' lang='lat' dir='ltr'><strong>bus</strong></span> <span class='ocrx_word' id='word_1_577' title='bbox 1647 2799 1666 2818; x_wconf 89' lang='lat' dir='ltr'><strong>a</strong></span> <span class='ocrx_word' id='word_1_578' title='bbox 1682 2787 1711 2817; x_wconf 89' lang='lat' dir='ltr'>T</span> <span class='ocrx_word' id='word_1_579' title='bbox 1712 2785 1778 2817; x_wconf 70' lang='grc' dir='ltr'><strong>επεὶ</strong></span> <span class='ocrx_word' id='word_1_580' title='bbox 1792 2784 1940 2815; x_wconf 74' lang='lat' dir='ltr'><strong>distantiis</strong></span> 
     </span>
     <span class='ocr_line' id='line_1_74' title="bbox 1117 2828 1941 2870; baseline -0.002 -10"><span class='ocrx_word' id='word_1_581' title='bbox 1117 2831 1221 2861; x_wconf 75' lang='lat' dir='ltr'><strong>eadem</strong></span> <span class='ocrx_word' id='word_1_582' title='bbox 1252 2832 1299 2865; x_wconf 86' lang='lat' dir='ltr'><strong>sit,</strong></span> <span class='ocrx_word' id='word_1_583' title='bbox 1334 2831 1454 2870; x_wconf 87' lang='lat' dir='ltr'><strong>sintque</strong></span> <span class='ocrx_word' id='word_1_584' title='bbox 1482 2830 1631 2859; x_wconf 86' lang='lat' dir='ltr'><strong>distantiae</strong></span> <span class='ocrx_word' id='word_1_585' title='bbox 1667 2830 1697 2858; x_wconf 88' lang='lat' dir='ltr'><strong>in</strong></span> <span class='ocrx_word' id='word_1_586' title='bbox 1733 2828 1941 2867; x_wconf 77' lang='lat' dir='ltr'><strong>progressione</strong></span> 
     </span>
     <span class='ocr_line' id='line_1_75' title="bbox 1117 2868 1937 2913; baseline -0.005 -10"><span class='ocrx_word' id='word_1_587' title='bbox 1117 2872 1314 2908; x_wconf 66' lang='lat' dir='ltr'><strong>arithmetica,</strong></span> <span class='ocrx_word' id='word_1_588' title='bbox 1336 2872 1576 2902; x_wconf 67' lang='lat' dir='ltr'><strong>dvmonstratum</strong></span> <span class='ocrx_word' id='word_1_589' title='bbox 1597 2878 1642 2902; x_wconf 57' lang='lat' dir='ltr'><strong>est</strong></span> <span class='ocrx_word' id='word_1_590' title='bbox 1664 2872 1709 2913; x_wconf 92' lang='lat' dir='ltr'><strong>(in</strong></span> <span class='ocrx_word' id='word_1_591' title='bbox 1731 2869 1823 2900; x_wconf 80' lang='lat' dir='ltr'><strong>schol.</strong></span> <span class='ocrx_word' id='word_1_592' title='bbox 1845 2868 1937 2909; x_wconf 83' lang='lat' dir='ltr'><strong>Prop.</strong></span> 
     </span>
     <span class='ocr_line' id='line_1_76' title="bbox 1123 2911 1942 2955; baseline -0.004 -9"><span class='ocrx_word' id='word_1_593' title='bbox 1123 2915 1244 2946; x_wconf 86' lang='lat' dir='ltr'>xxll.</span> <span class='ocrx_word' id='word_1_594' title='bbox 1261 2915 1331 2944; x_wconf 82' lang='lat' dir='ltr'><strong>Lib.</strong></span> <span class='ocrx_word' id='word_1_595' title='bbox 1350 2915 1415 2953; x_wconf 86' lang='lat'>11.)</span> <span class='ocrx_word' id='word_1_596' title='bbox 1432 2914 1594 2945; x_wconf 79' lang='lat' dir='ltr'><strong>densitates</strong></span> <span class='ocrx_word' id='word_1_597' title='bbox 1608 2914 1674 2943; x_wconf 85' lang='lat' dir='ltr'><strong>fore</strong></span> <span class='ocrx_word' id='word_1_598' title='bbox 1688 2913 1718 2942; x_wconf 90' lang='lat' dir='ltr'><strong>in</strong></span> <span class='ocrx_word' id='word_1_599' title='bbox 1734 2911 1942 2955; x_wconf 73' lang='lat' dir='ltr'><strong>progressione</strong></span> 
     </span>
     <span class='ocr_line' id='line_1_77' title="bbox 1118 2952 1942 2999; baseline -0.005 -12"><span class='ocrx_word' id='word_1_600' title='bbox 1118 2955 1312 2999; x_wconf 68' lang='lat' dir='ltr'><strong>geometrica.</strong></span> <span class='ocrx_word' id='word_1_601' title='bbox 1362 2957 1447 2986; x_wconf 87' lang='lat' dir='ltr'><strong>Hinc</strong></span> <span class='ocrx_word' id='word_1_602' title='bbox 1469 2963 1552 2995; x_wconf 84' lang='lat' dir='ltr'><strong>patet</strong></span> <span class='ocrx_word' id='word_1_603' title='bbox 1572 2956 1603 2985; x_wconf 90' lang='lat' dir='ltr'><strong>in</strong></span> <span class='ocrx_word' id='word_1_604' title='bbox 1625 2955 1712 2985; x_wconf 77' lang='lat' dir='ltr'><strong>variis</strong></span> <span class='ocrx_word' id='word_1_605' title='bbox 1731 2964 1750 2984; x_wconf 82' lang='lat' dir='ltr'><strong>a</strong></span> <span class='ocrx_word' id='word_1_606' title='bbox 1766 2952 1862 2984; x_wconf 63' lang='lat' dir='ltr'><strong>Terra</strong></span> <span class='ocrx_word' id='word_1_607' title='bbox 1880 2952 1942 2983; x_wconf 75' lang='lat' dir='ltr'><strong>dis-</strong></span> 
     </span>
     <span class='ocr_line' id='line_1_78' title="bbox 1120 2993 1944 3040; baseline -0.002 -10"><span class='ocrx_word' id='word_1_608' title='bbox 1120 2999 1223 3031; x_wconf 84' lang='lat' dir='ltr'><strong>tantiis</strong></span> <span class='ocrx_word' id='word_1_609' title='bbox 1244 3009 1298 3039; x_wconf 88' lang='lat' dir='ltr'><strong>per</strong></span> <span class='ocrx_word' id='word_1_610' title='bbox 1319 2998 1563 3040; x_wconf 83' lang='lat' dir='ltr'><strong>logarithmicam</strong></span> <span class='ocrx_word' id='word_1_611' title='bbox 1583 2997 1717 3029; x_wconf 75' lang='lat' dir='ltr'><strong>exhibet-i</strong></span> <span class='ocrx_word' id='word_1_612' title='bbox 1739 3005 1826 3038; x_wconf 80' lang='lat' dir='ltr'><strong>posse</strong></span> <span class='ocrx_word' id='word_1_613' title='bbox 1847 2993 1944 3028; x_wconf 63' lang='lat' dir='ltr'><strong>varios</strong></span> 
     </span>
    </p>
   </div>
  </div>
 </body>
</html>
