2092 3470
261 207 343 246 298
501 263 507 267 l
591 201 946 252 INQUISITIO
978 198 1251 243 PHYSICA
1279 199 1348 244 IN
1379 200 1637 245 CAUSAM

258 323 365 357 esset
377 330 390 366 3
435 316 548 371 cujus
581 316 826 357 discriminis
859 316 964 358 ratio
999 315 1190 370 exemplo
1231 315 1415 370 corporis
1448 315 1620 371 penduli
1655 313 1871 358 commode
1908 316 1964 358 ob

257 387 398 428 oculos
418 387 518 441 'poni
537 394 684 442 potest.
745 387 955 429 Ponamus
977 387 1086 428 enirn
1106 400 1260 441 corpus
1277 384 1505 440 pendulum
1527 386 1567 428 O
1591 387 1626 428 C
1647 388 1701 429 ob
1719 387 1963 446 gravitatem

258 461 382 507 situm
401 469 544 502 tenens
565 460 812 513 verticalem,
835 477 860 502 a
879 461 919 502 vi
941 460 1136 517 quapiam
1157 459 1201 500 in
1221 459 1329 502 latus

257 531 485 574 secundum
520 533 786 575 directionem
830 533 866 574 C
898 532 950 574 M
991 531 1213 573 sollicitari.
1275 531 1321 574 Si
1447 535 1472 567 0

257 620 368 648 nunc
396 605 478 648 hoc
506 606 734 661 pendulum
757 604 902 646 inertia
926 612 1096 655 careret,
1120 617 1192 644 seu
1212 603 1319 658 ejus-

254 677 371 719 modi
391 685 498 719 esset
517 677 681 728 indolis,
715 678 830 734 cujus
850 691 1000 733 aquam
1018 675 1219 717 hactenus
1251 689 1319 716 su-

212 792 214 794 ,
255 765 347 792 mus
368 750 646 806 contemplati,
668 758 756 792 tum
777 750 914 791 subito
935 750 1059 791 situm
1081 749 1122 791 O
1139 748 1191 791 M
1212 749 1319 790 acci-

253 830 384 876 peret,
419 822 463 863 in
490 837 572 878 quo
604 822 695 863 haec
722 822 783 863 vis
810 836 904 863 cum
932 822 1132 878 gravitate
1158 821 1317 877 aequili-

254 892 391 935 brium
426 901 595 935 teneret.
676 893 735 934 At
769 892 863 934 cum
901 893 1129 947 pendulum
1168 893 1316 937 inertia

252 963 477 1020 praeditum
506 962 802 1012 consideratur,
834 970 929 1017 post
955 963 1123 1019 aliquod
1150 953 1317 1004 demum

253 1043 416 1091 tempus
436 1035 622 1090 elapsum
641 1035 695 1076 ad
715 1036 839 1076 situm
861 1035 902 1077 O
926 1035 978 1076 M
1002 1036 1235 1091 perveniet:
1268 1051 1315 1077 ac

254 1106 406 1149 deinde
434 1106 531 1162 quia
559 1114 672 1148 motu
694 1107 919 1148 accelerato
940 1106 990 1147 eo
1017 1107 1227 1164 pertingit,
1258 1107 1316 1149 ibi

253 1192 339 1220 non
366 1178 559 1234 quiescet,
596 1177 667 1219 sed
697 1177 806 1219 ultra
835 1186 1040 1229 excurret,
1071 1178 1173 1234 puta
1200 1180 1243 1220 in
1274 1178 1317 1220 N

252 1265 397 1306 usque,
421 1250 478 1291 ita
497 1257 544 1291 ut
564 1250 742 1305 spatium
760 1250 795 1291 C
812 1249 854 1291 N
874 1249 958 1291 fere
975 1250 1027 1291 sit
1042 1250 1170 1305 duplo
1183 1251 1316 1306 majus
1400 1296 1427 1329 c

254 1322 386 1378 spatio
428 1322 465 1365 C
495 1322 560 1373 M,
601 1323 741 1378 prouti
780 1322 961 1364 calculus
1003 1321 1111 1363 clare
1149 1322 1315 1363 indicat.
1656 1319 1718 1351 :M

255 1394 433 1449 Propter
471 1394 660 1435 inertiam
702 1394 829 1451 igitur
866 1394 1095 1450 pendulum
1134 1393 1317 1449 primum

251 1465 409 1507 tardius
438 1467 479 1507 vi
509 1466 743 1508 sollicitanti
773 1467 1044 1522 obtemperat,
1068 1475 1191 1524 atque
1212 1483 1236 1509 a
1256 1467 1337 1509 situ
1357 1463 1578 1522 aequilibrii
1603 1462 1783 1514 recedit3
1812 1462 1962 1505 deinde

252 1536 351 1578 vero
387 1538 509 1579 etiam
541 1538 671 1595 magis
705 1537 873 1588 recedit,
910 1539 1189 1594 majoremque
1227 1538 1515 1591 excursionem
1550 1534 1730 1585 conficit,
1772 1532 1894 1591 quam
1928 1535 1964 1576 si

252 1609 399 1652 inertia
431 1619 610 1659 careret3
642 1625 734 1666 quae
765 1618 861 1651 sunt
880 1625 941 1651 eae
961 1611 1063 1665 ipsae
1084 1610 1179 1651 duae
1200 1625 1278 1661 res,
1300 1610 1344 1650 in
1363 1608 1513 1664 quibus
1533 1606 1693 1658 theoria
1715 1605 1808 1648 ante
1834 1620 1963 1662 expo-

253 1680 332 1722 sita
351 1681 404 1722 ab
424 1680 677 1735 experientia
697 1680 877 1721 maxime
899 1681 1114 1723 dissentire
1135 1667 1391 1736 deprehensa
1411 1689 1484 1722 est.

281 1782 284 1786 ,
310 1754 341 1804 ᾗ.
366 1755 433 1796 74«.
468 1751 512 1792 Si
531 1765 644 1792 nunc
665 1751 775 1792 istud
796 1751 968 1805 penduli
989 1753 1226 1807 exemplum
1247 1752 1304 1793 ad
1323 1760 1512 1793 nostrum
1532 1765 1673 1792 casum
1692 1749 1816 1792 aestfis
1834 1751 1960 1792 maris

254 1824 563 1876 transferamus,
595 1824 731 1880 primo
761 1825 907 1882 ingens
936 1825 1159 1867 similitudo
1187 1826 1231 1866 in
1252 1826 1332 1867 situ
1365 1824 1536 1880 penduli
1567 1823 1749 1865 verticali
1778 1838 1827 1866 ac
1853 1831 1961 1865 statu

254 1896 381 1939 maris
400 1895 591 1945 naturali,
614 1909 736 1951 quem
759 1895 918 1936 obtinet
937 1896 1104 1937 remotis
1124 1897 1317 1950 potentiis
1339 1895 1532 1945 externis,
1556 1894 1808 1935 observatur.
1850 1894 1962 1935 Nam

252 1966 602 2023 quemadmodum
634 1966 875 2021 pendulum,
909 1967 944 2007 si
978 1967 1022 2007 in
1054 1982 1343 2023 quamcunque
1377 1966 1543 2023 plagam
1575 1966 1628 2008 de
1663 1966 1743 2008 situ
1776 1955 1960 2008 verticali

252 2039 492 2090 declinetur,
523 2038 694 2094 propria
721 2039 766 2080 vi
794 2039 1005 2096 gravitatis
1028 2054 1071 2081 se
1091 2040 1134 2080 in
1155 2040 1332 2081 eundem
1352 2039 1510 2095 recipit,
1540 2040 1597 2081 ita
1624 2039 1748 2081 etiam
1775 2054 1894 2095 aqua,
1925 2039 1960 2080 si

251 2124 305 2152 ex
326 2108 407 2152 situ
427 2123 502 2151 suo
522 2108 742 2165 aequilibrii
764 2109 1007 2164 depellatur,
1029 2110 1070 2150 vi
1090 2110 1300 2167 gravitatis
1323 2125 1367 2152 se
1387 2110 1440 2151 ad
1460 2109 1637 2151 eundem
1658 2109 1891 2164 componit,
1911 2124 1960 2151 ac

249 2191 455 2237 praeterea
472 2182 629 2237 pariter
654 2197 702 2223 ac
731 2181 957 2236 pendulum
980 2182 1252 2224 oscillationes
1283 2182 1458 2239 peragit,
1490 2181 1719 2237 cujusmodi
1740 2180 1959 2223 oscillatio-

251 2269 355 2296 num
374 2269 494 2296 casus
514 2254 558 2294 in
578 2269 686 2310 aqua
705 2255 911 2295 observati
938 2254 1091 2309 passim
1115 2256 1380 2298 inveniuntur
1400 2255 1588 2310 expositi.
1647 2254 1814 2302 Deinde
1834 2255 1958 2295 etiam

253 2324 377 2366 simili
406 2323 544 2374 modo,
578 2339 661 2379 quo
690 2324 931 2379 pendulum,
963 2339 1077 2366 mare
1098 2325 1181 2381 quo
1206 2325 1338 2382 magis
1359 2340 1412 2366 ex
1432 2325 1512 2366 situ
1533 2339 1609 2366 suo
1629 2324 1806 2367 naturali
1834 2322 1958 2365 fuerit

253 2397 529 2447 deturbatum,
552 2395 602 2437 eo
621 2397 819 2451 majorem
848 2396 1018 2438 habebit
1039 2397 1120 2438 vim
1142 2412 1230 2438 sese
1251 2398 1295 2438 in
1314 2398 1436 2438 situm
1457 2395 1676 2452 aequilibrii
1698 2395 1954 2448 restituendi.

253 2467 382 2518 Quod
403 2469 437 2509 si
467 2469 594 2525 igitur
613 2482 727 2509 mare
747 2483 772 2509 a
791 2467 944 2509 viribus
975 2469 1168 2519 externis,
1204 2468 1311 2511 Solis
1340 2468 1496 2510 scilicet
1515 2483 1563 2510 ac
1583 2467 1730 2518 Lunae,
1753 2483 1852 2509 mox
1872 2469 1955 2510 ele-

251 2547 368 2581 vetur
395 2553 496 2580 mox
525 2538 791 2593 deprimatur,
822 2553 988 2580 necesse
1019 2547 1080 2580 est
1111 2548 1158 2581 ut
1187 2539 1284 2580 inde
1312 2547 1447 2581 motus
1468 2538 1737 2580 oscillatorius
1759 2554 1831 2581 seu
1850 2540 1953 2582 reci-

249 2625 401 2666 procus
435 2609 591 2650 oriatur
621 2609 741 2650 aestui
774 2609 896 2651 maris
929 2610 1098 2651 omnino
1126 2610 1279 2660 similis,
1311 2610 1381 2665 qui
1411 2618 1547 2650 autem
1576 2624 1652 2664 per
1681 2609 1792 2667 leges
1819 2610 1954 2662 motus

251 2680 470 2723 difficulter
497 2679 661 2722 definiri
691 2687 814 2735 queat
842 2679 1030 2721 accurate
1061 2680 1254 2736 quidemg
1288 2694 1384 2720 nam
1404 2694 1503 2720 vero
1527 2679 1731 2734 proxime,
1762 2680 1841 2722 hoc
1869 2694 1954 2724 non

251 2753 355 2794 adeo
384 2752 462 2794 erit
490 2751 667 2793 difficile.
728 2751 840 2792 Duae
869 2759 1006 2792 autem
1035 2759 1131 2792 sunt
1159 2766 1238 2801 res,
1272 2765 1365 2807 quae
1388 2751 1619 2793 absolutam
1649 2766 1697 2792 ac
1727 2751 1954 2807 perfectam

250 2825 374 2865 totius
406 2823 541 2865 motus
575 2823 960 2865 determinationem
1000 2822 1261 2879 summopere
1299 2823 1479 2865 reddunt
1518 2824 1736 2874 difficilem,
1778 2838 1953 2880 quarum

250 2897 376 2938 altera
395 2898 607 2953 physicam
627 2905 795 2952 spectat,
827 2906 950 2953 atque
969 2897 1013 2938 in
1033 2897 1120 2952 ipsa
1140 2897 1361 2939 fluidorum
1382 2898 1528 2940 natura
1550 2898 1744 2948 consistit,
1777 2913 1953 2956 quorum

250 2971 386 3011 motus
425 2968 643 3010 difficulter
682 2969 735 3010 ad
775 2969 979 3011 calculum
1018 2978 1245 3019 revocatur,
1286 2970 1497 3026 praecipue
1536 2970 1570 3011 si
1609 2970 1782 3026 quaestio
1815 2971 1868 3014 sit
1900 2971 1954 3012 de

253 3037 503 3095 amplissimo
542 3053 711 3089 oceano,
753 3040 824 3096 qui
858 3039 946 3081 aliis
984 3039 1029 3080 in
1067 3039 1167 3082 locis
1199 3039 1396 3094 elevetur,
1432 3040 1520 3083 aliis
1555 3039 1653 3083 vero
1687 3039 1954 3097 deprimatur.
1983 3088 1990 3098 Ι
