2092 3470
276 232 330 268 48
667 224 1116 269 PHILOSOPHIAE
1147 224 1508 290 NATURAILIS
1551 225 1646 278 [DE
1669 224 1830 267 Mum).
1850 224 1973 267 Svsw.

275 347 411 389 nullos
440 347 564 406 edent
592 347 803 389 sensibiles
834 348 1000 389 effectus
1034 347 1078 388 in
1106 347 1275 403 regione
1309 347 1538 404 systematis
1569 347 1711 389 nostri.
1773 346 1973 396 Quiniino

275 421 372 461 fixae
407 421 450 461 in
484 435 625 478 omnes
658 422 751 462 coeli
779 429 917 477 partes
947 420 1159 476 aequaliter
1189 419 1386 475 dispersae
1417 419 1630 462 contrariis
1661 409 1971 460 attractionibus

274 492 380 532 vires
400 499 562 534 mutuas
582 492 812 542 destruunt,
833 506 908 547 per
931 491 1057 546 Prop.
1080 490 1228 532 LXX.
1251 491 1345 533 Lib.
1368 491 1403 532 Ι.

1017 659 1224 700 scholium.

330 771 439 814 Cum
458 773 634 828 planetae
653 772 738 814 Soli
753 772 967 827 propiores
985 775 1151 827 (nempe
1166 770 1416 822 Mercurius,
1434 770 1590 822 Venus,
1606 769 1752 820 Terra,
1770 777 1812 811 et
1832 769 1970 822 Mars)

270 844 324 885 ob
356 858 577 898 corporum
605 843 847 898 parvitatem
868 856 1025 897 ‚parum
1054 849 1179 899 agant
1209 842 1251 882 in
1279 856 1323 883 se
1349 841 1547 891 invicem3
1575 841 1727 882 horum
1747 839 1910 895 aphelia
1929 848 1971 882 et

217 921 219 923 ’
270 915 368 957 nodi
388 916 609 971 quiescent,
630 915 709 956 nisi
730 914 929 971 quatenus
949 930 975 955 a
994 914 1146 956 viribus
1165 914 1294 964 JoviS,
1321 914 1487 956 Saturni
1509 922 1550 956 et
1570 928 1790 970 corporum
1811 911 1971 969 superi-⁴

268 996 388 1028 orum
406 986 636 1038 turbentur.
698 986 749 1042 (⁸)
774 985 829 1027 Et
849 985 945 1027 inde
965 985 1103 1043 colligi
1128 992 1264 1040 potest
1282 999 1359 1040 per
1378 985 1580 1027 theoriam
1599 985 1824 1042 gravitatis,
1852 984 1970 1042 quod

269 1108 318 1138 11.
336 1107 428 1138 aliam
450 1107 635 1148 excogitavit
647 1107 838 1138 ‘methodum
862 1105 925 1147 qua
940 1107 1092 1137 rationem

266 1150 418 1180 distantia·
431 1150 562 1180 fixarum
577 1149 617 1180 ad
631 1149 806 1180 distantiam
824 1150 902 1180 Solis
916 1150 1092 1190 conjectan-

266 1192 361 1223 tando
389 1192 594 1232 investigaret.
656 1192 810 1230 Supponit
831 1192 934 1232 itaque
966 1191 1090 1230 Sirium,

265 1245 336 1275 quae
350 1234 437 1265 stella
451 1242 496 1265 est
510 1235 590 1264 inter
603 1233 676 1264 alias
697 1234 931 1275 fulgentissima,
956 1234 1020 1264 Soli
1034 1235 1093 1264 cir-

265 1278 341 1307 citer
354 1277 504 1317 aequalem
519 1286 593 1306 esse.
628 1275 752 1306 Deinde
764 1276 891 1307 tentavit
901 1276 964 1316 qua
977 1276 1094 1306 ratione

268 1319 348 1350 Solis
357 1317 540 1350 diametrum
551 1317 594 1349 ita
602 1318 784 1349 imminuere
795 1324 897 1358 posset
907 1324 943 1349 ut
953 1328 1017 1348 non
1028 1328 1094 1348 ma-

260 1362 311 1402 jor
332 1369 387 1393 aut
411 1361 598 1401 splendIdior
625 1361 704 1392 Sirio
728 1367 894 1400 appareret.
944 1360 1041 1397 Quod
1059 1366 1096 1391 ut

263 1412 483 1444 assequeretur,
504 1404 571 1434 tubi
587 1403 674 1434 vacui
692 1403 855 1434 duodecim
870 1402 989 1433 circiter
1002 1402 1096 1442 pedes

263 1446 350 1487 longi
363 1453 537 1486 aperturam
551 1445 678 1485 alteram
693 1446 821 1476 occlusit
839 1444 964 1476 lamella
978 1445 1094 1476 tenuis.

263 1488 342 1519 sima
358 1490 392 1519 in
413 1490 503 1530 cujus
521 1488 624 1519 medio
648 1494 713 1519 tam

263 1531 414 1572 exiguum
433 1535 498 1562 erat
517 1531 656 1562 foramen
677 1536 714 1561 ut

263 1573 354 1604 lineae
365 1579 483 1613 partem
498 1573 713 1604 duodecimam

262 1625 325 1646 non
355 1616 514 1647 excederet
522 1627 532 1654 3
562 1615 714 1655 oculoque

262 1658 348 1688 alteri
363 1665 514 1698 aperturae
528 1657 661 1693 admoto,
676 1668 713 1688 ea
773 1669 796 1701 3

263 1701 418 1731 videretur
448 1701 530 1731 Solis
564 1699 714 1739 particula

262 1743 351 1784 cujus
366 1742 513 1773 diameter
524 1748 589 1772 erat
597 1741 637 1771 ad
648 1741 713 1772 dian

262 1792 396 1816 metrum
430 1786 526 1815 totius
555 1790 591 1814 ut
627 1787 639 1814 1
674 1784 712 1815 ad

263 1831 333 1857 182.
383 1827 465 1858 cnm
480 1826 551 1858 vero
565 1826 714 1867 particula
821 1812 852 1846 Ε

262 1870 315 1901 illa
327 1870 406 1901 Sirio
414 1870 602 1911 splendidior
612 1869 714 1900 adhuc

261 1920 428 1952 appareret,
462 1913 613 1943 foi-amine
646 1912 714 1953 glo-
974 1945 981 1952 ,
1082 1943 1090 1950 ‚

261 1955 371 1996 bulum
390 1956 522 1986 vitreum
538 1954 676 1996 ejusdem
695 1962 769 1984 cum
782 1947 932 1995 foramin‘?
951 1944 1091 1975 dlametn

261 1998 379 2039 objecit,
407 1997 536 2038 talisque
561 1997 621 2027 foci
646 1995 809 2037 globulum
837 1989 945 2038 scleglt
971 1993 1012 2032 ut·
1036 1987 1092 2016 1¹¹¹

264 2038 343 2070 Solis
357 2040 396 2070 ad
411 2040 536 2071 oculum
552 2038 727 2069 transmissa
741 2046 804 2066 non
819 2041 915 2080 majest
926 2035 982 2060 aut
990 2029 1092 2077 splen-

261 2082 362 2112 didior
376 2082 529 2113 videretur
543 2081 581 2112 ea
601 2091 694 2121 quam
710 2091 729 2110 a
747 2078 826 2109 Sirio
840 2082 981 2105 emissam
997 2071 1090 2120 nudis

261 2125 359 2155 oeulis
383 2125 550 2155 intuemur.
600 2125 674 2160 Quo
698 2123 790 2157 facto,
815 2118 910 2159 hujus
933 2113 1091 2155 Pflfflffllae

892 2162 904 2188 1
976 2182 1093 2213 diame-

265 2194 344 2225 Solis
364 2193 549 2224 diametrum
570 2191 688 2223 invenit
707 2195 825 2231 partein
848 2215 887 2243 27
890 2216 909 2243 6
912 2216 930 2243 6
932 2214 952 2241 4

261 2263 301 2293 tri
323 2264 426 2294 totius.
475 2261 583 2299 Quare
607 2260 659 2292 Sol
682 2260 777 2290 instar
794 2256 864 2288 Sirii
883 2256 1051 2301 appareret,
1067 2249 1093 2279 si

262 2305 426 2345 conspicua
446 2306 524 2336 foret
542 2315 611 2344 pars
627 2302 767 2334 diametri
782 2299 878 2330 totius
899 2297 1004 2327 solaris
1022 2299 1093 2324 tan-

261 2352 455 2433 mmff'lssi’
471 2373 613 2405 distantia
627 2378 731 2403 autem
749 2368 828 2400 Solis
837 2377 857 2398 a
869 2362 974 2399 Terra,
986 2362 1019 2394 in
1030 2360 1093 2403 qua

261 2441 401 2474 tantillus
424 2443 587 2479 videretur,
614 2441 693 2471 foret
715 2438 755 2470 ad
775 2434 953 2467 distantiam
973 2432 1006 2462 in
1028 2428 1092 2470 qua.

262 2484 328 2524 ejus
342 2486 525 2516 diametrum
545 2489 742 2523 apparentem
763 2479 922 2509 intuemur
936 2481 973 2505 ut
985 2475 1092 2521 276f34

262 2527 302 2557 ad
320 2531 345 2564 l.
366 2527 523 2568 divisaque
536 2531 702 2567 apparente
719 2522 797 2554 Solis
811 2520 959 2572 diametrf)
972 2515 1092 2564 rnedio-

262 2570 305 2601 cri
328 2581 382 2609 per
407 2574 519 2606 27664,
543 2570 622 2599 foret
642 2567 790 2597 diameter
807 2562 890 2612 SolisA
900 2567 919 2590 4
959 2563 1087 2605 circiter.

268 2613 352 2643 Hinc
375 2613 444 2644 Sirii
465 2622 588 2654 quoque
607 2608 750 2640 distantia
764 2616 782 2636 a
798 2605 895 2635 Terra
908 2607 954 2633 est
967 2599 1008 2649 ad
1028 2599 1091 2630 dis-

263 2657 389 2685 tantiam
404 2656 483 2686 Solis
497 2656 535 2685 ab
549 2652 658 2684 eadem
672 2657 708 2681 ut
724 2646 881 2695 27664pd
899 2648 962 2694 [et
974 2642 1091 2690 diame-

263 2702 310 2726 ter
333 2708 480 2737 apparens
507 2696 577 2728 Sizii
599 2694 654 2725 4¹⁰·
709 2693 783 2725 Jam
805 2689 948 2719 distantia
972 2684 1051 2739 Solis
1073 2694 1093 2715 a

267 2739 370 2775 Terrfi,
395 2738 420 2770 si
445 2738 608 2780 parallaxis
633 2734 711 2767 Solis
733 2737 865 2780 ponatur
887 2728 941 2759 lO''
961 2731 1002 2776 5ξο
1047 2731 1093 2775 est

264 2781 327 2811 fere
343 2787 446 2813 20000
460 2781 569 2813 semid.
581 2777 779 2812 terrestrium,
795 2780 853 2804 erit
866 2781 939 2821 ergo
949 2770 1094 2820 distantia

267 2823 336 2854 Sirii
360 2828 548 2855 553280000
572 2820 679 2854 semid.
702 2823 834 2850 terrestr·
890 2814 922 2866 Si
938 2822 1011 2843 vero
1030 2810 1090 2860 dis-

264 2866 391 2896 tantiam
428 2867 560 2897 mediam
598 2861 723 2896 Saturni
755 2871 774 2891 a
810 2858 912 2905 Terra·
941 2858 1092 2903 constitu-

264 2917 354 2938 amus
386 2912 508 2940 190800
531 2907 638 2938 semid.
667 2908 797 2936 terrestr.
825 2899 927 2941 prodit
950 2896 1093 2943 distantia

266 2951 345 2980 inter
373 2951 540 2981 Saturnum
564 2957 595 2980 et
621 2947 736 2980 Sirium
764 2944 953 2977 555089200
980 2936 1087 2969 semid.

265 2998 394 3023 terfestl‘-

310 3055 355 3097 (¹)
372 3058 423 3087 74·
442 3058 458 3075 *⁶
477 3056 521 3086 Et
543 3053 611 3086 inde
633 3053 728 3093 colligi
744 3055 850 3094 potest.
898 3044 1051 3087 Desxguet
1071 3042 1094 3074 S

1133 1106 1289 1145 planetam
1303 1106 1436 1147 aliquem
1451 1106 1650 1146 superiorem,
1672 1112 1749 1146 puta
1767 1106 1891 1143 Jovem,
1911 1116 1968 1138 cu·-

1130 1149 1183 1190 jus
1197 1150 1293 1180 orbita
1317 1150 1346 1180 E
1365 1150 1386 1180 S
1403 1149 1455 1186 E;
1477 1149 1516 1187 sit
1539 1149 1568 1180 T
1592 1150 1654 1185 Sol,
1680 1149 1708 1179 P
1722 1149 1846 1188 planeta
1859 1149 1970 1190 aliquia

1136 1191 1280 1230 inferior3
1303 1198 1496 1232 ponaturque
1510 1201 1675 1231 corporum
1693 1191 1725 1228 S,
1745 1190 1970 1230 annorumve

1135 1234 1272 1273 plurium
1287 1240 1418 1274 systema
1431 1234 1545 1264 revolvi
1560 1233 1640 1265 circa
1654 1243 1765 1272 corpus
1789 1234 1818 1265 T
1839 1243 1969 1263 manen-

1135 1277 1217 1306 tibus
1231 1277 1353 1306 orbium
1377 1276 1406 1306 E
1425 1276 1446 1306 S
1462 1276 1492 1306 E
1515 1281 1546 1306 et
1570 1275 1598 1307 P
1617 1278 1647 1306 A
1665 1276 1694 1306 B
1714 1274 1825 1312 forma,
1841 1285 1968 1315 propor-

1136 1319 1270 1348 tionibus
1295 1324 1326 1348 et
1349 1317 1548 1358 inclinatione
1572 1317 1612 1348 ad
1634 1317 1777 1354 invicem,
1807 1323 1970 1348 mutentur
2010 1346 2013 1351 s

1137 1359 1210 1391 vero
1227 1357 1397 1400 utcumque
1413 1359 1654 1400 magnitudines,
1675 1366 1707 1390 et
1725 1369 1780 1398 per
1803 1359 1970 1390 Theoi-iam

1136 1402 1293 1443 gravitatis
1329 1401 1484 1442 colligitur
1525 1402 1613 1444 (Cor.
1644 1404 1693 1433 15.
1725 1407 1757 1432 et
1791 1405 1839 1432 16.
1874 1401 1968 1441 Prop.

1138 1444 1269 1476 LXVI.
1288 1449 1320 1475 et
1333 1450 1398 1476 not.
1415 1444 1449 1474 in
1463 1443 1568 1475 eadem
1588 1443 1771 1484 Corollaria)
1784 1453 1900 1475 errores
1911 1453 1969 1475 an-

1387 1599 1571 1630 ............

1242 1625 1581 1651 “““““““““““““

1114 1646 1237 1669 ..........

1134 1943 1257 1983 gulares
1270 1940 1404 1981 corporis
1419 1939 1445 1970 P
1459 1938 1493 1968 in
1507 1935 1615 1978 quavis
1629 1935 1819 1967 revolutione
1832 1933 1964 1975 genitos,

1134 1984 1265 2025 ideoque
1279 1990 1310 2013 et
1324 1989 1427 2012 motus
1441 1980 1553 2020 aphelii
1573 1979 1608 2009 in
1627 1977 1763 2019 qualibet
1775 1976 1966 2008 revolutione

1135 2027 1268 2066 corporis
1285 2026 1313 2056 P
1327 2035 1392 2055 esse
1404 2030 1441 2054 ut
1453 2022 1639 2064 quadratum
1658 2020 1802 2059 temporis
1821 2018 1966 2058 periodiei

1131 2069 1227 2110 quam
1242 2066 1390 2107 proxime.
1440 2066 1472 2096 Si
1494 2065 1598 2105 itaque
1620 2070 1823 2093 numerentur
1846 2060 1893 2091 ini
1916 2070 1963 2090 er-

1134 2122 1226 2148 rores,
1246 2112 1279 2140 in
1299 2110 1389 2141 variis
1407 2107 1537 2148 planetis
1554 2106 1583 2137 P
1597 2105 1727 2137 durante
1741 2103 1850 2135 eodem
1864 2103 1965 2134 deter-

1135 2154 1252 2184 minato
1280 2159 1425 2191 tempore.
1455 2160 1509 2189 per
1533 2154 1660 2180 centum
1684 2157 1712 2176 v.
1730 2157 1776 2187 gr.
1794 2155 1901 2194 annos,
1927 2150 1965 2175 ut

1136 2198 1186 2226 hic
1211 2195 1338 2226 assumit
1361 2195 1541 2228 Newtonur„
1565 2199 1679 2221 errores
1699 2189 1811 2228 integri
1832 2196 1870 2217 eo
1886 2192 1963 2217 tem-

1135 2249 1208 2278 pore
1230 2237 1372 2275 descripti
1393 2241 1484 2266 erunt
1506 2239 1543 2264 ut
1564 2241 1680 2263 errores
1698 2229 1823 2270 singula
1842 2228 1962 2259 revolu-

1135 2282 1219 2312 tione
1234 2278 1387 2310 commissi
1407 2284 1438 2308 et
1452 2282 1488 2307 ut
1502 2284 1650 2305 numerus
1663 2271 1890 2303 revolutionum
1905 2280 1962 2300 sae-

1135 2324 1206 2353 culo
1220 2322 1339 2362 integro
1355 2324 1554 2359 peractarum,
1569 2316 1622 2347 ille
1637 2325 1784 2345 uumerus
1798 2312 1963 2343 revolutio-

1135 2376 1212 2396 num
1226 2370 1272 2395 est
1285 2361 1403 2393 inverse
1412 2367 1448 2391 ut
1458 2366 1580 2398 tempus
1594 2356 1794 2399 periodicum‚
1806 2361 1838 2386 et
1848 2365 1964 2386 errores

1137 2408 1205 2449 (qui
1226 2411 1307 2441 suut,
1330 2411 1366 2435 ut
1387 2404 1504 2434 dictum
1523 2407 1579 2437 est,
1601 2398 1715 2431 directe
1729 2404 1764 2429 ut
1777 2397 1962 2439 quadratum

1133 2449 1278 2488 temporis
1298 2445 1458 2486 periodici)
1481 2454 1554 2485 ergo
1569 2451 1684 2473 errores
1697 2440 1887 2480 apheliorum
1901 2438 1961 2470 du-

1133 2492 1271 2522 rantibus
1290 2495 1415 2520 centum
1437 2487 1526 2517 annis
1544 2492 1635 2516 erunt
1649 2484 1682 2514 in
1697 2482 1826 2522 simplici
1843 2488 1961 2520 tempo-

1134 2543 1205 2564 rum
1226 2531 1450 2572 pei-iodicorum
1465 2529 1591 2558 ratione.
1639 2524 1700 2558 Sed
1711 2531 1849 2564 tempora
1861 2523 1962 2573 perio-

1133 2575 1202 2606 dica
1222 2574 1413 2614 planetarum
1432 2572 1459 2602 P
1474 2576 1546 2601 sunt
1564 2571 1596 2600 in
1611 2570 1729 2600 ratione
1749 2563 1961 2607 sesqquth

1134 2617 1346 2649 distantiarum
1361 2626 1380 2645 a
1393 2620 1497 2646 centro
1514 2613 1543 2643 T
1563 2614 1632 2654 (per
1648 2611 1754 2642 Phaen.
1773 2609 1843 2658 4.)..
1880 2608 1962 2659 Supt
2016 2616 2019 2619 ’

1134 2658 1208 2700 erg&
1244 2667 1359 2690 errores
1390 2656 1583 2696 planetarum
1618 2653 1798 2684 inferiorum
1832 2660 1865 2680 in
1880 2667 1888 2671 -
1900 2650 1961 2680 hac

1133 2703 1251 2733 ratione
1293 2696 1504 2739 saequiplicata
1545 2696 1760 2728 distantiarum
1800 2703 1820 2724 a
1855 2697 1960 2740 cetur-0

1138 2743 1225 2776 Solis.
1288 2743 1394 2778 Quare
1423 2741 1448 2771 si
1477 2746 1610 2779 ponatur
1644 2748 1718 2769 eum
1752 2745 1816 2767 esse
1846 2733 1960 2774 aphelii

1137 2786 1249 2818 Martis
1269 2793 1465 2824 progressum
1490 2788 1526 2812 ut
1550 2781 1583 2811 in
1615 2780 1706 2811 annis
1729 2783 1854 2810 eentum
1885 2785 1959 2806 con-

1135 2829 1215 2860 ficiat
1244 2827 1293 2858 35¹
1326 2826 1383 2857 20'‘
1411 2826 1443 2855 in
1472 2823 1690 2864 consequentia
1717 2824 1856 2860 respectu
1884 2817 1960 2848 fixan

1134 2881 1214 2908 rum,
1243 2869 1415 2900 invenietur
1438 2873 1542 2897 motus
1564 2864 1677 2906 aphelii
1699 2861 1829 2910 aliorum
1852 2860 1958 2900 plane-

1134 2919 1235 2944 tarum
1249 2911 1349 2952 qualis
1370 2920 1389 2940 a
1410 2909 1565 2940 Newtono
1579 2906 1733 2942 definitur,
1753 2902 1900 2934 dicendo:
1924 2906 1962 2932 tn

1134 2955 1221 2986 radix
1243 2953 1391 2994 quadrata
1413 2951 1484 2982 cubi
1509 2949 1660 2981 distantiae
1687 2943 1799 2978 Manis
1819 2945 1860 2976 ad
1880 2943 1962 2975 radi-

1134 3007 1202 3029 cem
1216 2995 1395 3037 quadratam
1410 2993 1479 3030 cubi
1495 2992 1645 3023 distantiae
1661 2989 1766 3020 Terrae
1780 2998 1799 3018 a
1816 2987 1896 3024 Sole,
1918 2986 1963 3017 iu

1136 3039 1189 3072 82'
1200 3039 1257 3071 20⁸
1270 3037 1311 3069 ad
1331 3043 1454 3068 motum
1472 3034 1584 3075 apiielii
1604 3033 1708 3065 Terrae
1722 3030 1811 3062 annis
1824 3034 1958 3061 cenum.
