2092 3470
261 250 315 292 70

301 357 348 391 sit
361 358 1085 396 mediocrisdkumiaLunaeaTerraD=so

256 401 363 432 semid.
380 407 509 432 terrestr.
528 408 649 443 tempus
661 403 851 443 periodicum
866 405 968 436 Lunae
981 419 1027 435 =
1042 410 1082 438 27

255 442 335 474 dieb.
351 447 370 475 7
381 444 446 475 hor.
456 443 515 475 43'.
525 445 632 476 semid.
647 446 752 477 Terrae
762 459 808 477 =
823 451 850 484 l,
860 453 983 486 tempus
997 458 1080 478 revo-

254 484 382 515 lutionis
397 486 502 517 Terrae
509 485 590 518 circa
603 497 747 519 axem=
758 493 798 520 25
808 490 874 519 hor.
890 489 949 520 56‘.
964 490 1009 520 4‘'.
1024 491 1082 521 erit

254 527 385 567 gravitas
398 527 437 559 ad
451 528 514 559 vin.
527 529 658 561 centrifu
747 538 783 562 ut
798 535 859 561 288
870 531 910 562 ad
926 535 951 562 Ι.
987 532 1080 563 Unde

251 578 308 607 pro
325 568 700 619 TerraforetCA--C
719 573 770 604 P:
792 574 818 604 C
838 573 1076 606 P=12576=

254 610 350 642 Terra
372 612 474 654 itaque
498 612 603 645 minus
633 625 804 655 compressa
830 615 910 646 foret
938 615 1032 656 quam
1061 627 1080 646 a

253 651 408 685 Newtono
428 655 590 686 delinitum
609 663 662 692 est,
685 659 785 698 magis
798 663 900 688 tamen
915 656 1009 698 quam
1024 658 1078 689 de-

249 695 448 727 terminatum
461 704 508 728 est
521 699 560 729 ab
576 698 738 740 Hugenio,
754 699 862 730 verum
876 701 915 730 ob
925 700 1078 732 actionem

251 737 332 768 Solia
352 738 386 768 in
408 738 544 778 Lunam,
568 747 690 780 tempus
708 742 775 782 ejus
796 741 985 781 periodicum

247 788 312 810 non
325 780 488 820 respondet
501 782 642 814 accurate
661 784 691 813 vi
711 784 893 824 centrifugae
909 784 984 815 Ter-

247 831 305 859 rae3
321 822 396 853 alias
409 825 611 856 correctiones
621 825 714 866 hujus
724 825 834 856 calculi
848 826 985 857 invenies

247 862 356 895 Trans.
378 864 491 896 Philus.
508 866 605 896 Num.
620 871 692 898 458.
704 868 816 908 quibus
834 868 874 898 ad
890 869 985 898 New-

245 905 407 937 tonianum
421 908 648 947 proportionem
661 910 761 951 magis
777 909 918 941 accurate
937 920 985 940 re-

247 955 382 980 vocatur.
441 950 492 980 De
515 950 574 981 haic
601 952 770 992 quaestione
797 952 988 983 nobilissima

245 991 354 1028 procul
383 990 478 1023 dubio
507 992 651 1033 legantur
683 1004 753 1034 quae
781 994 822 1025 de
851 995 988 1025 Telluris

245 1029 347 1073 figura
367 1033 518 1065 dederunt
532 1034 689 1066 clarissimi
703 1036 759 1067 viri
781 1037 824 1067 D.
842 1036 882 1068 de
902 1037 987 1068 Mai-

244 1082 301 1104 rau
321 1074 355 1105 in
379 1076 594 1108 Monumentis
620 1078 716 1109 Paris.
745 1089 795 1110 an.
822 1082 913 1111 1720.
939 1080 983 1110 D.

245 1115 284 1146 de
323 1117 518 1157 Maupertuis
554 1119 628 1150 ibid.
671 1131 721 1151 an.
765 1123 856 1152 1755.
892 1125 983 1153 1754.

246 1160 337 1190 1755.
355 1163 444 1191 1756.
459 1166 490 1191 et
503 1161 537 1190 in
551 1161 673 1192 duobus
686 1163 842 1201 opusculis
852 1174 987 1203 quorum

243 1208 343 1230 unum
358 1201 397 1231 de
414 1202 538 1242 Figuris
552 1203 724 1242 Corporum
739 1204 927 1243 Coelestium,
941 1206 986 1236 al-

243 1248 342 1272 terum
357 1243 396 1274 de
409 1244 525 1284 Figura
536 1245 670 1276 Telluris
680 1245 864 1277 inscribitur.
898 1248 985 1278 Prae-

242 1283 322 1314 clara
343 1295 465 1326 quoque
484 1286 522 1317 de
544 1287 653 1317 eodem
675 1294 858 1328 argumento
883 1289 987 1320 edide-

241 1333 314 1357 runt
346 1328 386 1358 D.
410 1328 553 1359 Clairaut
575 1329 608 1359 in
634 1330 851 1361 Monumentis
872 1331 985 1362 Parisi-

241 1368 365 1399 ensibus
390 1379 441 1399 an.
473 1374 564 1402 1735-
587 1378 618 1402 et
646 1372 678 1402 in
714 1373 985 1404 Transactionibus

245 1409 469 1450 Philosophicis
485 1413 583 1443 Num.
601 1417 674 1445 445.
693 1421 724 1445 et
738 1418 809 1447 449.
831 1416 874 1446 D.
895 1416 982 1446 Bou-

239 1462 317 1491 guer
335 1452 409 1484 ibid.
427 1464 476 1484 an.
496 1458 588 1486 1736.
610 1456 653 1486 D.
674 1456 863 1488 Eustachius
885 1458 980 1488 Man·

238 1494 356 1525 fredius
377 1496 449 1526 ibid.
478 1507 528 1527 an.
555 1501 646 1529 1754.
670 1505 701 1529 et
727 1499 771 1530 D.
795 1499 922 1541 Stirling
946 1500 979 1530 in

242 1535 511 1570 Transactionibus
531 1540 670 1581 Anglicis
688 1551 738 1571 an.
761 1545 851 1573 1735.

281 1580 299 1597 ⁵*
325 1579 415 1610 Viam
441 1587 554 1612 sternet
579 1582 618 1612 ad
646 1583 910 1614 determinandam
932 1584 1066 1626 figuram

240 1619 344 1650 Ten-ae
365 1629 464 1653 ortam
478 1633 516 1653 ex
530 1624 706 1655 necessitate
721 1626 881 1666 aequilibrii
895 1627 940 1657 vis
954 1628 1065 1657 centri-

235 1662 321 1702 fugae
342 1669 374 1694 et
393 1665 439 1694 vis
459 1666 614 1705 gravitatis
628 1666 820 1708 singularum
836 1669 902 1708 ejus
921 1670 1063 1708 partium,

235 1702 668 1789 {55⁰²1223⁵⁵}“3‘³N⁵2¹„3533{
691 1709 808 1790 {Z‘ss'ss'e
817 1710 1065 1783 Χὲἶένὲἑῖξῖἕέ

234 1790 374 1819 attractio
395 1792 568 1830 corpusculi
591 1802 654 1823 non
675 1793 775 1823 solum
788 1796 839 1825 .ςίιί
852 1796 885 1826 in
900 1806 952 1826 aare
974 1795 1063 1826 solidi

234 1831 368 1867 rotundi,
391 1832 445 1863 sed
466 1833 515 1864 siti
536 1834 635 1865 ubivis
653 1835 684 1865 in
700 1836 767 1876 ejus
781 1836 950 1875 superficie,
973 1838 1063 1878 cujus

233 1871 439 1945 ἕῐοωεῑηοιίε
463 1875 611 1916 analysim
631 1878 682 1908 hic
703 1877 737 1908 in
759 1878 977 1919 compendium
1000 1886 1061 1910 tra-

254 1925 352 1946 emus·

505 2003 790 2037 PROBLEMA.

277 2085 362 2117 Data
372 2086 545 2127 aequatione
556 2098 658 2120 curvae
668 2090 891 2131 cujuscumque
901 2100 970 2131 quae
981 2090 1060 2122 circa

230 2128 312 2158 axim
331 2129 515 2160 revolvendo
530 2131 665 2162 solidum
679 2132 838 2170 describat,
862 2133 999 2163 invenire
1013 2139 1058 2164 at-

229 2171 408 2201 tractionem
422 2174 597 2212 corpusculi
613 2174 663 2205 siti
683 2175 718 2205 in
734 2184 929 2216 quocumque
943 2181 1058 2215 puncto

229 2213 399 2251 superficiei
413 2214 480 2254 ejus
494 2215 594 2246 solidi.

273 2258 471 2287 Constructio.
532 2258 685 2300 Fingatur
713 2259 842 2298 planum
866 2265 996 2300 tangens
1023 2260 1055 2291 id

227 2296 361 2328 solidum
382 2298 413 2328 in
436 2298 473 2336 P,
497 2305 527 2330 et
541 2311 632 2340 super
646 2312 684 2332 eo
697 2302 799 2341 plano,
816 2312 833 2332 e
847 2309 962 2341 puncto
979 2303 1007 2333 P
1020 2309 1057 2333 ut

227 2346 332 2370 centro
346 2339 494 2380 descripta
509 2343 698 2384 intelligatur
708 2345 826 2383 sphaera
836 2344 921 2375 radio
935 2344 1055 2376 infinite

226 2390 329 2419 parvo,
359 2381 513 2414 dividatur
541 2391 606 2416 tota
641 2386 816 2426 superficies
851 2387 1053 2426 hemisphaerii

225 2432 329 2454 versus
344 2424 476 2456 solidum
485 2427 621 2458 conversi
635 2428 668 2458 in
683 2428 893 2467 portiunculas
904 2429 1051 2470 aequales3

225 2471 257 2495 et
271 2467 482 2506 concipiantur
502 2470 671 2509 pyramides
693 2472 838 2512 (quarum
853 2471 978 2501 vertices
992 2472 1054 2502 sint

225 2507 257 2536 in
272 2515 376 2540 centro
392 2511 532 2551 sphaerae)
548 2512 608 2542 illis
622 2513 824 2551 portiunculis
838 2513 1008 2543 insistentes
1023 2520 1053 2544 et

225 2549 297 2580 inde
311 2551 350 2581 ad
370 2552 460 2582 solidi
480 2553 575 2591 ipsius
589 2555 758 2593 oppositam
774 2555 963 2594 superficiem
978 2565 1051 2585 con-

225 2591 361 2631 tinuatae,
388 2600 463 2634 puta
485 2595 518 2625 in
543 2597 578 2633 Z,
602 2597 636 2631 Z,
662 2598 865 2627 terminentur
884 2596 946 2626 illae
962 2607 1050 2637 pyra-

224 2634 322 2665 mides
341 2636 374 2665 in
395 2646 432 2667 eo
454 2637 550 2668 solido
571 2648 625 2677 per
645 2639 730 2668 bases
751 2638 908 2677 parallelas
929 2640 1051 2670 basibus

223 2674 357 2713 ipsarum
381 2680 506 2718 sphaerae
530 2680 786 2719 circumscriptis;
819 2681 992 2720 corpusculi
1017 2682 1050 2711 in

223 2725 337 2755 puncto
362 2721 389 2751 P
403 2721 452 2751 siti
470 2722 608 2753 attractio
621 2723 660 2753 ab
674 2722 817 2753 omnibus
838 2723 897 2753 illis
916 2723 1049 2762 pyrami-

223 2758 323 2797 dibus»,
346 2763 464 2803 concipi
486 2765 596 2803 poterit
617 2771 653 2795 ut
667 2765 805 2795 attractio
819 2776 837 2795 a
851 2772 915 2796 toto
929 2765 1026 2795 solido
1038 2777 1047 2803 ;

223 2801 342 2841 exiguae
356 2807 439 2835 enim
453 2806 519 2847 ejus
533 2806 621 2837 solidi
636 2806 798 2846 portiones,
819 2817 888 2848 quae
902 2808 934 2837 in
950 2814 1048 2838 extre-

222 2842 328 2874 mitate
352 2847 445 2877 unius
466 2849 614 2890 cujusque
642 2849 810 2890 pyramidis
837 2850 1046 2891 negliguntur,

222 2891 295 2915 sunt
319 2888 432 2930 ubique
455 2891 550 2921 totius
572 2891 739 2932 pyramidis
761 2899 900 2932 respectu
927 2891 1047 2922 infinite

221 2936 333 2966 parvoe.

265 2970 417 3002 Attractio
430 2979 534 3004 autem
547 2977 720 3015 corpusculi
744 2977 773 3007 P
787 2987 805 3007 a
819 2975 942 3018 singula
957 2987 1047 3017 pyra-

220 3010 303 3043 mide
323 3013 381 3044 erit
401 3014 515 3056 ubique
535 3023 572 3048 ut
591 3018 657 3050 axis
679 3019 708 3051 P
725 3019 750 3050 Z
770 3019 838 3061 ejus
857 3019 1046 3060 pyramidis3

658 246 1108 292 PHILOSOPHJAE
1140 248 1500 292 NATURALls
1537 250 1632 302 [DE
1650 236 1953 317 hiumam.
1992 303 1994 307 y

1126 374 1199 395 nam
1215 364 1367 396 ducantur
1380 365 1480 397 ubivis
1493 365 1524 396 in
1540 376 1604 402 axe,
1627 365 1692 397 duo
1705 372 1819 405 puncta
1832 365 1951 398 infinite

1125 407 1272 446 proxima,
1299 408 1512 450 ducanturque
1535 418 1589 448 per
1614 419 1650 439 ea
1671 408 1844 448 superficies
1868 409 1948 448 duae,

1124 449 1277 488 parallelae
1298 451 1361 481 basi
1383 451 1558 490 pyramidis,
1586 452 1656 488 sive,
1683 451 1764 491 quod
1790 451 1869 482 idem
1893 459 1946 487 est.

1123 491 1276 530 parallelae
1294 493 1464 531 superficiei
1485 495 1612 532 spbaeroe
1632 494 1711 524 circa
1735 494 1761 523 P
1779 493 1947 531 descriptae,

1123 534 1271 573 exiguum
1286 534 1418 564 solidum
1432 535 1512 565 inter
1522 546 1573 565 eas
1583 535 1756 575 superficies
1769 543 1947 566 contentum

1124 581 1236 606 crescet
1260 583 1297 606 ut
1321 576 1383 606 illae
1407 577 1591 616 superficies,
1617 579 1679 608 sive
1704 584 1741 609 ut
1763 578 1947 619 quadratum

1121 617 1269 657 portionis
1289 628 1380 649 axeos
1401 617 1548 655 abscissae,
1571 619 1623 650 sed
1638 619 1709 651 cum
1725 621 1861 651 attractio
1882 621 1943 650 sin-

1120 659 1205 700 gulae
1225 660 1383 698 particulae
1403 660 1555 692 decrescat
1575 667 1612 691 ut
1631 662 1813 702 quadratum
1831 662 1944 693 distan-

1120 702 1171 732 tiae
1184 712 1205 732 a
1217 709 1332 741 puncto
1349 703 1387 740 P,
1402 703 1465 734 sive
1479 703 1631 735 decrescat
1644 711 1680 735 ut
1693 704 1874 746 quadratum
1886 706 1943 736 ab·

1359 828 1394 868 A

1348 859 1360 866 .

1107 1581 1226 1619 scissae;
1255 1579 1386 1621 ide6que
1406 1584 1520 1611 crescat
1541 1577 1756 1618 particularum
1778 1577 1933 1618 quantitas

1106 1630 1142 1654 ut
1163 1623 1309 1654 decrescit
1330 1623 1460 1663 singulae
1482 1621 1638 1661 particulae
1652 1620 1703 1655 vis,
1717 1622 1821 1650 evenit
1835 1627 1871 1651 ut
1884 1627 1931 1651 at-

1104 1666 1212 1696 tractio
1233 1665 1299 1706 ejus
1319 1664 1408 1695 solidi
1428 1664 1528 1695 ubivis
1549 1664 1581 1693 in
1595 1672 1652 1693 axe
1669 1663 1695 1693 P
1711 1663 1736 1692 Z
1751 1663 1863 1701 sumpti
1879 1673 1930 1693 ffl-

1105 1708 1175 1738 dem
1197 1717 1316 1747 semper
1336 1707 1393 1744 sit;
1417 1706 1542 1747 aequalis
1563 1705 1620 1735 erit
1641 1714 1667 1734 v.
1685 1714 1731 1744 gr.
1756 1701 1929 1735 atttactioni

1104 1750 1192 1780 solidi
1207 1751 1296 1791 cujus
1309 1749 1389 1780 basis
1402 1748 1481 1779 foret
1498 1747 1598 1787 portio
1612 1746 1780 1785 superficiei
1802 1747 1928 1785 spboerae

1102 1792 1182 1822 intra
1197 1791 1385 1832 pyramidem
1401 1797 1561 1826 contemne,
1581 1795 1612 1819 et
1625 1788 1754 1819 altitudo
1767 1788 1821 1819 ina
1834 1799 1928 1828 quam

1102 1835 1232 1865 minima
1252 1844 1344 1865 areos
1361 1834 1388 1864 P
1404 1834 1429 1863 Z
1444 1833 1546 1872 portio
1565 1837 1727 1870 assumpta.
1773 1831 1860 1861 Hinc
1881 1838 1926 1861 at-

1102 1877 1210 1907 tractio
1231 1877 1325 1907 totius
1345 1875 1510 1915 pyramidis
1530 1874 1587 1905 erit
1607 1873 1744 1904 attractio
1763 1873 1829 1913 ejus
1843 1874 1927 1912 parvi

1101 1919 1198 1954 solidi,
1222 1919 1310 1949 toties
1323 1918 1451 1957 repetita
1464 1924 1538 1958 quot
1553 1923 1625 1947 sunt
1638 1925 1728 1945 axeos
1747 1915 1774 1945 P
1791 1916 1816 1945 Z
1831 1917 1925 1954 porti-

1100 1961 1243 1999 unculae3
1270 1960 1344 1991 cum
1366 1961 1469 2000 itaque
1490 1959 1589 1998 portio
1609 1957 1777 2005 superficiei
1798 1959 1925 1996 sphaerae

1100 2003 1180 2034 intra
1200 2002 1372 2044 pyramides
1393 2008 1545 2038 contenta,
1568 2001 1606 2031 sit
1627 2001 1724 2030 ubivis
1747 2000 1863 2037 eadem,
1886 2011 1925 2031 ex
1972 2038 1977 2041 -

1099 2053 1208 2081 const„
1222 2046 1414 2076 attractiones
1424 2043 1615 2084 singularum
1629 2042 1822 2082 pyramidum
1834 2051 1926 2075 erunt

1100 2094 1135 2118 ut
1155 2099 1302 2119 numerus
1322 2087 1540 2127 particularum
1562 2085 1724 2126 aequalium
1747 2085 1779 2115 in
1801 2084 1925 2126 singulo

1099 2141 1156 2161 axe
1172 2131 1200 2161 P
1218 2131 1243 2160 Z
1258 2129 1520 2165 assumendarum,
1542 2128 1604 2158 sive
1617 2127 1700 2168 quod
1714 2126 1796 2158 idem
1810 2134 1865 2165 est,
1888 2134 1924 2159 ut

1097 2172 1211 2213 singuli
1225 2183 1298 2204 axes
1314 2173 1343 2203 P
1358 2173 1393 2203 Z.
1818 2212 1826 2219 .

1141 2216 1205 2246 His
1226 2215 1347 2255 positis:
1382 2214 1421 2245 sit
1444 2214 1483 2244 M
1500 2213 1533 2244 D
1549 2213 1582 2243 N
1598 2212 1627 2243 E
1652 2222 1735 2242 unus
1756 2222 1775 2242 e
1799 2212 1922 2244 circulis

1095 2257 1207 2298 genitis
1228 2258 1261 2287 in
1275 2257 1374 2288 solido
1395 2257 1548 2296 proposito
1561 2265 1615 2294 per
1627 2254 1848 2284 revolutionem
1871 2265 1920 2286 or.

1096 2300 1208 2330 dinatae
1234 2300 1259 2331 C
1276 2300 1314 2330 M
1336 2301 1415 2330 circa
1435 2298 1517 2329 axim
1535 2298 1564 2328 A
1583 2297 1621 2327 B.
1671 2297 1752 2327 Dico
1772 2297 1856 2337 quod
1873 2304 1920 2328 at-

1095 2343 1202 2373 tractio
1223 2342 1330 2382 puncti
1352 2342 1380 2372 P
1393 2342 1432 2372 ab
1452 2341 1594 2371 omnibus
1615 2339 1822 2379 pyramidibus
1843 2350 1918 2379 qua-

1094 2394 1164 2415 rum
1189 2395 1261 2415 axes
1285 2385 1318 2414 in
1339 2381 1583 2414 circumferentia
1604 2381 1708 2412 circuli
1731 2376 1767 2411 M
1787 2382 1820 2412 D
1838 2381 1868 2411 N
1887 2383 1917 2413 Ε

1094 2427 1304 2464 terminantur,
1317 2427 1400 2467 (quae
1414 2431 1459 2455 est
1473 2430 1509 2455 ut
1522 2434 1644 2454 summa
1656 2423 1796 2454 omnium
1811 2425 1917 2455 axium

1095 2469 1124 2500 P
1140 2470 1165 2500 Z
1180 2469 1220 2500 ad
1234 2479 1301 2499 eam
1315 2467 1591 2498 circumferentiam
1610 2466 1857 2507 terminatorum)
1873 2473 1920 2498 est

1094 2518 1128 2541 at
1142 2512 1222 2542 linea
1238 2511 1266 2542 P
1280 2511 1306 2542 C
1320 2521 1339 2540 a
1352 2516 1467 2549 puncto
1484 2509 1512 2540 P
1525 2509 1565 2539 ad
1578 2515 1717 2539 centrum
1732 2509 1798 2549 ejus
1812 2509 1920 2541 circuli

1097 2554 1122 2584 C
1138 2553 1246 2590 ductae,
1261 2553 1462 2591 multiplicata
1475 2562 1530 2590 per
1545 2561 1707 2581 numerum
1722 2551 1827 2582 axium
1845 2552 1873 2583 P
1889 2553 1915 2583 Ζ

1090 2595 1130 2626 ad
1151 2596 1425 2626 circumferentiam
1452 2595 1490 2624 M
1508 2594 1540 2624 D
1559 2594 1589 2623 N
1607 2593 1636 2623 E
1661 2593 1914 2632 pervenientium,

1094 2637 1207 2679 (missis
1220 2648 1331 2676 nempe
1344 2637 1535 2678 singularum
1550 2636 1579 2667 P
1594 2636 1620 2665 Z
1639 2635 1911 2677 longitudinibus).

1135 2681 1320 2711 Assumatur
1334 2680 1418 2710 enim
1431 2680 1463 2708 in
1478 2676 1724 2709 circumferentia
1738 2678 1776 2709 M
1795 2678 1828 2709 D
1839 2678 1871 2708 N
1884 2679 1913 2710 Ε

1088 2729 1238 2762 'punctum
1260 2722 1416 2762 quodlibet
1437 2722 1473 2758 Z,
1496 2728 1527 2750 et
1547 2719 1639 2750 ducta
1662 2731 1715 2759 per
1728 2727 1868 2751 centrum
1885 2721 1913 2752 C

1090 2764 1172 2795 linea
1192 2765 1217 2795 Z
1235 2765 1260 2795 C
1275 2766 1302 2804 ζ,
1325 2764 1453 2794 ducatur
1480 2764 1508 2794 P
1523 2764 1549 2802 ξ,
1575 2773 1612 2793 ex
1633 2762 1846 2794 demonstratis
1865 2769 1914 2793 at-

1089 2807 1250 2837 tractiones
1270 2806 1463 2846 pyramidum
1486 2806 1525 2836 ad
1548 2806 1573 2836 Z
1589 2806 1651 2845 et<
1669 2804 1911 2844 pervenientium

1089 2855 1179 2880 erunt
1193 2857 1228 2879 ut
1247 2849 1273 2879 P
1284 2849 1309 2879 Z
1323 2848 1363 2878 ad
1381 2849 1407 2878 P
1419 2850 1436 2888 ζ
1445 2861 1454 2886 ;
1474 2848 1604 2878 ducatur
1617 2857 1654 2877 ex
1674 2847 1700 2878 P
1715 2848 1746 2876 in
1760 2846 1911 2877 circulum

1090 2892 1128 2922 M
1144 2892 1175 2921 D
1190 2891 1220 2922 N
1235 2891 1264 2922 E
1281 2891 1531 2930 perpendiculum
1550 2890 1577 2920 P
1595 2891 1625 2920 R
1638 2896 1668 2920 et
1682 2898 1735 2928 per
1752 2889 1783 2920 R
1797 2896 1828 2919 et
1839 2899 1910 2919 cen.

1089 2940 1170 2964 trum
1195 2934 1221 2964 C
1241 2933 1371 2963 ducatur
1391 2933 1538 2963 diameter
1561 2932 1599 2962 M
1618 2933 1648 2962 R
1665 2931 1708 2968 N,
1729 2938 1911 2971 sumptaque

1090 2976 1122 3006 N
1136 2986 1152 3006 r
1165 2988 1210 3005 =
1228 2976 1264 3006 M
1281 2976 1312 3006 R
1326 2976 1504 3006 demittatur
1516 2973 1767 3014 perpendiculum
1782 2984 1798 3003 r
1811 2984 1842 3013 p,
1857 2974 1911 3005 sit.

1087 3019 1270 3060 querp=
1288 3018 1371 3056 ΚΡ,
1388 3017 1578 3055 lineaMN,
1595 3016 1912 3056 PRetrpsuntin
