2092 3470
174 222 281 266 CAP.
303 223 410 276 1115!
674 222 762 265 AD
793 219 1089 264 TERTIUM
1119 218 1382 261 LIBRUM
1776 218 1900 260 xxixx

842 426 1075 477 CAPUT
1109 425 1206 474 III.

170 564 252 611 De
284 562 532 626 Telescopii
560 577 614 609 ac
648 560 941 609 Micromem‘
967 575 1052 607 usu
1084 564 1132 606 et
1156 553 1475 605 Phoenomenis
1500 553 1662 600 horum
1700 556 1884 603 Instm-

559 650 808 691 mentorum
833 641 1042 704 beneficio
1066 637 1316 688 observatis
1330 651 1498 700 pauca.

1639 775 1677 813 Β

173 801 240 846 35.
277 779 368 843 Srr
404 796 674 852 telescopium
713 794 1037 838 astronomicum
1085 791 1131 834 D
1174 790 1210 832 F
1250 789 1294 832 G
1335 789 1387 840 E,
1467 793 1550 835 Α-

170 870 325 927 vitrum
361 869 611 926 objectivum
642 869 687 911 D
717 866 770 919 E,
806 867 972 909 oculare
1006 865 1042 907 F
1078 864 1144 914 G3
1187 862 1398 918 objectum

171 944 213 985 A
228 939 288 995 C⁴3
310 942 365 986 ita
382 951 588 985 remotum
602 949 648 983 ut
660 940 765 982 radii
780 940 851 997 qui
867 954 919 981 ex
932 937 1098 994 singulo
1112 935 1221 977 illius
1242 943 1399 989 puncto

170 1015 215 1056 in
229 1023 359 1058 totam
373 1014 468 1057 vitri
482 1013 672 1069 objectivi
687 1011 949 1068 superficiem
962 1009 1153 1051 incidunt
1166 1022 1245 1063 pro
1259 1005 1398 1062 paral-

169 1087 262 1130 lelis
289 1087 449 1143 possint
477 1085 682 1141 usurpari.
747 1083 874 1126 Radii
902 1082 963 1124 illi
989 1097 1043 1124 ex
1063 1080 1212 1123 eodem
1240 1086 1399 1135 puncto

171 1172 211 1200 v.
231 1173 295 1215 gr.
327 1158 369 1199 A
396 1156 628 1214 propagati,
659 1170 685 1196 a
713 1155 822 1196 vitro
841 1153 1046 1210 objectivo
1066 1151 1124 1194 ita
1143 1151 1397 1208 franguntur

170 1236 219 1272 ut
236 1237 332 1286 post
350 1229 503 1271 vitrum
519 1228 562 1269 D
580 1227 618 1269 E
634 1229 782 1269 co‘e'ant
800 1226 844 1267 in
859 1241 990 1267 unum
1003 1234 1208 1282 punctum
1228 1239 1266 1274 a,
1285 1222 1400 1279 quod

171 1310 234 1345 est
252 1301 397 1357 puncti
417 1301 459 1342 A
478 1301 630 1358 imago,
662 1307 704 1341 et
724 1298 912 1340 similiter
930 1304 1134 1353 punctum
1155 1295 1193 1338 C
1211 1294 1400 1352 pingitur

171 1375 216 1415 in
245 1389 282 1425 c,
313 1380 529 1429 totumque
559 1372 767 1427 objectum
799 1370 841 1411 A
865 1369 900 1411 C
931 1369 975 1409 in
995 1384 1020 1410 a
1041 1383 1077 1419 c,
1108 1368 1190 1410 situ
1218 1368 1398 1421 inverso,

173 1452 316 1502 estque
337 1459 360 1486 c
379 1460 405 1486 a
423 1443 504 1486 foci
523 1444 639 1485 locus
658 1443 703 1483 in
723 1456 806 1498 quo
824 1440 1002 1496 proinde
1030 1440 1175 1482 oculus
1198 1439 1252 1491 O,
1284 1447 1399 1481 trans

171 1517 327 1560 vitrum
346 1515 512 1558 oculare
533 1515 570 1557 F
591 1514 649 1565 G,
672 1514 785 1556 videt
803 1514 1011 1569 objectum
1032 1512 1074 1554 A
1096 1511 1147 1562 C,
1176 1526 1250 1554 seu
1269 1512 1400 1568 ipsius

172 1589 396 1646 imaginem
416 1602 441 1628 a
464 1601 499 1628 c.
550 1586 679 1642 7Ι-Ιέἰῐιο
709 1585 744 1641 5ἰ
772 1585 815 1625 in
834 1583 916 1626 foci
935 1581 1029 1626 loeo
1049 1598 1072 1625 c
1091 1599 1117 1625 a
1135 1583 1318 1639 positum
1348 1584 1402 1626 sit

173 1675 324 1716 corpus
344 1658 513 1716 aliquod
528 1651 717 1714 opacum,
741 1656 886 1698 oculus
906 1655 1011 1697 illud
1031 1654 1222 1697 distincte
1244 1655 1401 1698 videbit

173 1741 372 1789 tanquam
401 1731 562 1787 objecto
593 1729 635 1772 A
667 1729 717 1785 C,
750 1744 823 1771 seu
850 1726 991 1784 potius
1019 1727 1192 1784 imagixfi
1218 1727 1306 1783 ejus
1332 1743 1358 1770 a
1377 1742 1400 1770 c

0 1811 17 1850 d
174 1804 431 1862 contiguum.

235 1883 302 1919 36.
337 1876 400 1919 Sit
417 1875 455 1917 B
477 1874 518 1917 O
532 1873 670 1916 radius
691 1873 745 1915 ad
767 1873 807 1914 A
825 1872 862 1914 C
882 1870 1079 1912 normalis
1101 1878 1142 1912 et
1161 1886 1237 1926 per
1257 1878 1400 1912 centra

178 1948 228 1991 H
243 1956 285 1991 et
301 1947 353 2002 M
365 1948 565 1990 vitrorum
580 1944 797 1995 transiens,
815 1943 992 1999 ideoque
1005 1942 1252 1984 irrefractus.
1293 1943 1321 1985 J
1323 1958 1399 1984 un-

175 2028 298 2079 gatur
316 2026 430 2062 recta
450 2019 491 2060 A
508 2018 562 2069 O,
584 2025 627 2059 et
645 2016 852 2072 objectum
872 2015 915 2056 A
937 2015 988 2066 B,
1011 2014 1132 2056 oculo
1152 2014 1267 2056 nudo
1287 2014 1400 2056 vide·

176 2100 292 2134 retur
326 2090 403 2133 sub
437 2089 592 2147 angulo
625 2089 666 2130 A
694 2087 736 2130 O
767 2087 818 2138 B,
848 2095 991 2143 estque
1016 2086 1194 2142 proinde
1225 2087 1401 2143 angulus

178 2164 217 2206 A
237 2163 278 2206 O
295 2163 347 2214 B,
369 2161 614 2219 magnitudo
633 2174 837 2215 apparens
857 2159 1007 2214 objecti
1028 2159 1070 2200 A
1088 2159 1138 2201 B.
1189 2158 1402 2208 Quoniam

178 2234 278 2278 vero
298 2234 405 2277 radii
424 2249 478 2276 ex
496 2233 661 2289 punctis
682 2231 873 2288 imaginis
892 2231 921 2272 b
936 2239 978 2272 et
992 2246 1017 2272 a
1035 2229 1231 2286 parallel&
1250 2244 1402 2285 propa-

179 2308 266 2365 gati
295 2307 546 2364 colliguntur
575 2320 601 2346 a
631 2305 737 2345 vitro
766 2303 923 2345 oculari
954 2301 990 2344 F
1014 2302 1057 2345 G
1076 2303 1119 2343 in
1140 2303 1225 2358 ejus
1244 2301 1339 2343 foco
1361 2302 1402 2344 O

180 2379 253 2420 ubi
268 2378 412 2420 oculus
426 2386 624 2428 versatur,
642 2391 739 2432 pars
759 2375 911 2431 objecti
931 2375 972 2416 A
995 2374 1046 2424 B,
1069 2389 1142 2416 seu
1157 2375 1243 2429 ejus
1263 2374 1403 2431 imago

181 2467 207 2494 a
219 2452 262 2502 b,
275 2450 439 2492 videtur
451 2450 528 2492 sub
543 2449 697 2506 angulo
710 2448 763 2490 M
777 2448 818 2490 O
833 2448 885 2498 L,
900 2455 941 2488 et
958 2439 1050 2502 (per
1064 2447 1204 2488 Probl.
1220 2447 1402 2490 XXXI.

184 2524 390 2566 Element.
411 2522 580 2577 Dioptr.
605 2520 774 2563 Clariss.
792 2518 946 2571 Wolf.)
969 2518 1163 2560 distantia
1182 2518 1263 2560 foci
1282 2520 1403 2562 lentis

181 2596 394 2651 objectivae
422 2595 472 2637 H
500 2595 542 2645 b,
574 2605 635 2636 est
655 2593 710 2635 ad
730 2592 967 2635 distantiam
986 2592 1068 2634 foci
1087 2593 1208 2635 lentis
1229 2594 1405 2636 ocularis

180 2667 210 2709 b
232 2666 297 2717 M,
320 2674 366 2708 ut
386 2666 560 2724 angulus
583 2665 636 2707 M
658 2664 1242 2722 OLadangulumAOB,
1265 2674 1407 2709 seuut

180 2737 425 2796 magnitudo
454 2752 658 2794 apparens
687 2737 879 2795 imaginis
900 2752 925 2779 a
942 2737 972 2779 b
991 2738 1046 2779 ad
1075 2738 1405 2796 magnitudinem

183 2818 452 2866 apparentem
483 2810 633 2866 objecti
665 2810 707 2851 A
739 2809 778 2852 B
808 2809 924 2851 nudo
958 2810 1079 2852 oculo
1110 2812 1201 2861 visi,
1238 2827 1292 2852 ex
1323 2827 1406 2868 quo

182 2890 298 2937 patet
326 2881 439 2938 quod
466 2881 510 2922 in
539 2881 683 2922 eodem
704 2881 929 2937 telescopio
952 2884 1259 2940 magnitudines
1279 2900 1407 2940 appa-
1615 2930 1626 2941 ,
1661 2934 1666 2942 .

186 2961 321 2995 rentes
347 2954 603 3009 objectorum
632 2961 727 2995 sunt
753 2954 1083 3010 proportionales
1111 2958 1408 3014 magnitudini·
1499 2961 1580 2974 ‘—
1626 2971 1659 3006 0

186 3023 264 3067 bus
283 3025 510 3083 imaginum
530 3025 573 3066 in
592 3023 685 3067 foco
702 3026 932 3088 positarum
953 3035 994 3069 et
1014 3035 1127 3070 trans
1147 3029 1298 3071 vitrum
1319 3030 1486 3075 oculare
1510 3033 1703 3076 visarum.
