2092 3470
133 226 278 269 Lmen
294 226 532 278 Titurius]
578 224 900 268 PRINCIPIA
931 226 1423 273 MATHEMATICA.
1769 228 1824 265 47

427 402 803 475 PROPOSITIO
833 433 958 474 XIV.
1020 433 1382 476 THEOREMA
1411 436 1535 477 XIV.

610 547 774 588 Orbium
793 549 957 601 aphelia
976 554 1015 589 et
1034 549 1131 589 nodi
1149 549 1360 602 quiescunt.

189 668 371 724 Aphelia
389 668 617 724 quiescunt,
637 684 714 724 per
736 669 863 725 Prop.
886 669 971 710 XI.
994 668 1090 710 Lib.
1112 669 1148 710 Ι.
1169 676 1220 710 ut
1235 677 1277 711 et
1295 669 1455 711 orbium
1476 670 1613 724 plana,
1635 686 1711 727 per
1730 673 1837 728 ejus-

134 741 230 784 dem
250 741 370 782 Libri
401 741 528 796 Prop.
559 742 594 783 I.
625 750 667 783 et
694 741 996 798 quiescentibus
1025 741 1159 796 planis
1188 741 1406 796 quiescunt
1422 742 1535 783 nodi.
1596 744 1795 785 Attamen
1814 760 1840 785 a

132 811 392 866 planetarum
410 811 708 852 revolventium
728 810 779 866 (¹¹)
797 819 839 852 et
858 818 1111 852 cometarum
1131 811 1360 853 actionibus
1380 812 1424 852 in
1445 827 1488 853 se
1506 813 1683 854 invicem
1703 814 1840 855 orien-

135 890 204 923 tur
222 881 519 937 inaequalitates
538 882 701 938 aliquae,
724 881 797 922 sed
817 896 911 937 quae
932 881 986 922 ob
1006 881 1251 936 parvitatem
1269 881 1338 923 hic
1359 884 1566 924 contemni
1584 894 1770 938 possunt.

196 956 326 996 Corol.
351 960 387 995 1.
421 955 652 1004 Quiescunt
671 954 796 996 etiam
815 953 943 995 stellae
963 953 1074 1004 fixae,
1097 961 1319 1008 propterea
1338 955 1451 1010 quod
1471 955 1586 998 datas
1605 956 1660 997 ad
1679 956 1843 1011 aphelia

135 1027 363 1082 modosque
381 1028 606 1082 positiones
627 1034 805 1068 servant.

148 1115 168 1134 ·
198 1101 330 1142 Corol.
348 1106 388 1142 2.
410 1101 596 1156 Ide6que
617 1100 660 1155 (ἰ)
681 1099 778 1142 cum
797 1099 912 1140 nulla
931 1099 984 1140 sit
1003 1112 1146 1140 earum
1164 1099 1386 1154 parallaxis
1407 1100 1609 1142 sensibilis
1628 1116 1682 1142 ex
1697 1101 1843 1143 Terrae

135 1179 254 1213 motu
284 1187 424 1213 annuo
459 1171 647 1223 oriunda,
685 1172 792 1213 vires
823 1185 966 1213 earum
995 1170 1050 1212 ob
1078 1171 1320 1212 immensam
1354 1187 1576 1227 corporum
1609 1173 1845 1216 distantiam

180 1299 228 1341 (Ἃ)
257 1296 278 1320 ”
308 1302 354 1332 Ec
390 1308 576 1333 cometarum
608 1303 784 1334 actionibus.
846 1301 970 1332 Eodem
1013 1301 1083 1332 ticae
1103 1301 1198 1341 plano
1218 1302 1257 1333 ad
1279 1302 1454 1334 distantiam
1474 1304 1642 1344 quamlibet
1658 1305 1843 1343 constituta3

135 1351 261 1382 pmrms
273 1342 368 1373 nodo
380 1354 444 1384 quo
458 1344 591 1383 planetae
604 1345 638 1375 in
651 1355 684 1375 se
698 1344 830 1375 invicem
851 1349 968 1384 agunt3
1011 1344 1052 1374 sit
1073 1345 1104 1374 A
1122 1345 1152 1375 B
1170 1345 1196 1375 C
1215 1345 1247 1375 D
1270 1345 1350 1376 orbis
1366 1356 1498 1381 annuuS,
1522 1353 1714 1387 ponaturque
1737 1347 1846 1378 Tellus

137 1390 222 1424 patet
245 1394 369 1425 quoque
391 1393 525 1418 cometas
548 1387 584 1416 in
611 1386 689 1417 alios
714 1386 855 1426 planetu
877 1395 970 1426 agere
1012 1385 1149 1426 primum
1163 1387 1197 1416 in
1218 1386 1287 1418 loco
1303 1388 1344 1424 A,
1367 1388 1562 1427 deindepost
1576 1399 1627 1419 sex
1643 1399 1763 1419 menses
1777 1399 1844 1428 per-

138 1426 312 1467 similesque
333 1428 460 1458 effectus
481 1429 658 1468 producere,
674 1428 727 1459 sed
742 1427 816 1459 ciun
829 1430 971 1459 observa·
1012 1428 1117 1459 veniat
1134 1428 1175 1459 ad
1196 1429 1302 1460 locum
1327 1431 1352 1461 C
1374 1431 1408 1460 in
1427 1441 1489 1471 quo
1503 1431 1595 1461 distet
1607 1442 1626 1461 a
1645 1431 1715 1462 loco
1733 1432 1763 1462 A
1779 1430 1846 1461 tota

138 1469 238 1499 tiones
258 1469 469 1500 astronomicae
490 1471 653 1501 ostendant
667 1471 858 1510 apheliorum
874 1469 970 1500 nodo-
1014 1470 1164 1501 diametro
1188 1472 1270 1502 orbis
1294 1473 1410 1511 annui;
1443 1474 1501 1504 hnc
1526 1479 1579 1507 est,
1607 1477 1711 1512 20000
1742 1475 1846 1504 Terrae

139 1521 272 1551 rumque
286 1518 405 1541 motum
422 1522 487 1543 esse
501 1513 721 1550 tardissimum,
737 1514 776 1543 ob
790 1512 971 1552 parvitatem
1014 1513 1170 1544 diametris
1191 1514 1319 1550 circiter,
1341 1515 1384 1546 ita
1403 1521 1441 1546 ut
1452 1515 1561 1556 auguli
1582 1516 1610 1547 F
1627 1516 1649 1546 S
1666 1516 1708 1553 A,
1733 1517 1761 1547 F
1778 1516 1800 1546 S
1817 1516 1844 1546 C
1891 1526 1895 1534 ¹

139 1553 293 1583 contemni
315 1560 445 1592 possunt
462 1555 683 1595 inaequalitates
696 1565 766 1595 quae
781 1565 818 1584 ex
833 1554 972 1593 planeta-
1014 1555 1076 1585 sint
1089 1556 1173 1592 recti,
1189 1556 1276 1586 stella
1293 1556 1320 1586 F
1333 1568 1371 1587 ex
1388 1558 1515 1588 Tellure
1528 1559 1559 1587 A
1575 1558 1640 1588 visa
1652 1557 1848 1598 respondebit

140 1605 210 1625 rum
230 1601 261 1625 et
279 1602 470 1627 cometarum
485 1597 656 1628 actionibus
669 1597 703 1627 in
717 1608 750 1628 se
764 1596 897 1627 invicem
911 1596 971 1627 ori-
1014 1604 1132 1636 puncto
1148 1598 1189 1634 E,
1204 1598 1289 1639 quod
1300 1599 1343 1630 ad
1357 1599 1533 1630 distantiam
1548 1599 1700 1631 infinitam
1714 1612 1734 1631 a
1749 1597 1848 1631 Terra

141 1643 246 1667 untur.
1014 1640 1164 1670 removeri
1185 1641 1379 1680 supponitur.
1428 1641 1552 1672 Deinde
1574 1642 1682 1672 eadem
1700 1643 1789 1673 stella
1806 1643 1847 1672 ob

185 1678 226 1720 (¹)
240 1681 258 1699 ὓ
276 1681 294 1710 7
298 1683 326 1709 2.
348 1680 426 1712 Czim
440 1683 525 1712 nulla
538 1683 577 1713 sit
591 1693 699 1713 earum
709 1682 883 1722 parallan‘s.
930 1680 971 1710 In
1014 1688 1136 1712 motum
1152 1682 1256 1712 'reme
1271 1685 1310 1714 ab
1322 1684 1354 1714 A
1366 1683 1469 1714 versus
1482 1685 1521 1720 B,
1537 1685 1680 1724 progredi
1693 1685 1848 1715 videbitur

140 1721 303 1760 hypothesi
329 1722 434 1753 Terrae
458 1730 560 1760 motae,
590 1724 816 1765 quiescentibus
847 1722 917 1753 Sole
942 1728 974 1753 et
1015 1726 1054 1755 ab
1070 1724 1100 1754 E
1115 1724 1221 1755 versus
1239 1726 1280 1762 G,
1296 1725 1394 1757 donec
1411 1726 1537 1757 Tellure
1551 1727 1748 1765 perveniente
1761 1727 1802 1757 ad
1819 1727 1846 1757 C

143 1763 249 1802 stellis,
280 1763 391 1796 Tellus
413 1766 566 1808 integram
592 1766 817 1799 revolutionem
845 1763 974 1796 absolvit
1016 1767 1103 1797 stella
1116 1766 1256 1797 videatur
1270 1768 1303 1797 in
1314 1768 1360 1805 H,
1371 1768 1486 1799 distans
1499 1769 1614 1800 scilicet
1627 1780 1646 1800 e
1660 1769 1728 1800 loco
1742 1770 1776 1800 in
1784 1778 1848 1810 quo

1017 1815 1090 1839 ante
1104 1819 1156 1839 sex
1170 1819 1292 1840 menses
1305 1812 1490 1849 versabatur,
1513 1817 1578 1842 toto
1592 1822 1666 1842 arcu
1683 1812 1713 1842 E
1730 1813 1776 1849 H,
1792 1822 1850 1843 cu·

1011 1852 1066 1892 jus
1090 1861 1235 1882 mensura
1258 1858 1304 1883 est
1330 1854 1465 1894 angulus
1489 1854 1519 1884 E
1538 1854 1565 1884 F
1582 1854 1616 1884 H
1640 1854 1689 1884 vel
1715 1857 1745 1885 A
1765 1855 1790 1885 F
1807 1856 1844 1885 C.

1019 1893 1128 1934 Hujus
1142 1894 1249 1935 anguli
1264 1895 1396 1926 semissis
1413 1897 1444 1926 A
1463 1896 1490 1926 F
1515 1897 1548 1933 S,
1565 1902 1610 1926 est
1623 1897 1786 1935 parallaxis
1799 1907 1850 1927 or-

1016 1936 1064 1967 bis
1077 1936 1173 1966 annui
1187 1946 1225 1967 ex
1242 1937 1346 1968 Terrae
1358 1944 1447 1968 motu
1462 1948 1566 1968 annuo
1581 1939 1721 1969 oriunda.
1762 1940 1848 1970 Dato

1017 1983 1121 2009 autem
1143 1978 1258 2018 angulo
1283 1979 1313 2009 A
1331 1980 1358 2010 F
1375 1981 1406 2016 S,
1429 1979 1518 2015 facile
1539 1980 1694 2011 invenitur
1707 1981 1850 2011 distantia

1017 2020 1114 2051 stellae
1134 2019 1204 2051 fixae
1218 2032 1238 2052 a
1251 2021 1348 2052 Terra
1364 2023 1394 2052 A
1413 2022 1449 2058 F,
1465 2022 1490 2052 si
1505 2022 1568 2060 fiat,
1592 2029 1628 2053 ut
1641 2023 1727 2053 sinus
1741 2023 1850 2064 anguli

1020 2063 1051 2093 A
1070 2063 1097 2093 F
1115 2063 1145 2098 S,
1158 2062 1200 2092 ad
1214 2063 1317 2093 sinum
1331 2070 1441 2100 totum,
1462 2064 1506 2094 ita
1523 2065 1554 2094 A
1572 2065 1594 2095 S
1608 2065 1849 2095 semi-diameter

1018 2105 1100 2135 orbis
1119 2104 1224 2142 annui,
1246 2116 1317 2146 quae
1331 2113 1377 2136 est
1393 2110 1496 2137 10000
1509 2107 1728 2137 diametrorum
1745 2107 1849 2138 Terrae

1018 2147 1137 2177 circiter
1161 2146 1202 2176 ad
1226 2148 1256 2177 A
1275 2148 1312 2178 F.
1356 2149 1431 2180 Jam
1456 2147 1529 2179 vero
1550 2155 1634 2188 patet
1654 2159 1702 2187 ex·
1716 2149 1850 2180 Telluris

1019 2199 1125 2219 annuo
1145 2195 1232 2219 motu
1253 2190 1325 2220 oriri
1347 2190 1457 2221 debere
1475 2191 1704 2221 translationem
1721 2191 1851 2222 fixarum

1019 2230 1101 2261 inter
1111 2241 1143 2260 se
1155 2231 1301 2269 parallaxi
1311 2232 1475 2271 duplicatae
1487 2233 1606 2263 circiter
1613 2234 1773 2273 aequalem.
1804 2235 1851 2264 At

1020 2272 1118 2302 soellae
1139 2273 1269 2312 majores
1283 2279 1313 2303 et
1326 2274 1482 2313 propiores
1495 2281 1635 2314 respectu
1645 2276 1850 2315 *remotiorum

1021 2324 1091 2354 quae
1101 2314 1333 2353 telescopiorum
1343 2326 1402 2355 ope
1409 2316 1559 2347 duntaxat
1568 2318 1701 2357 conspici
1713 2324 1850 2357 possunt,

1022 2356 1138 2387 moveri
1152 2366 1215 2386 non
1230 2358 1436 2388 observantur.
1484 2359 1583 2389 Nulla
1597 2366 1643 2390 est
1656 2360 1761 2400 itaque
1818 2370 1852 2390 a-

1021 2408 1094 2437 rum
1115 2398 1276 2437 parallaxis
1297 2400 1446 2430 sensibilis
1467 2411 1506 2431 ex
1527 2402 1631 2432 Terrae
1645 2409 1733 2432 motu
1746 2407 1766 2432 a
1810 2411 1852 2432 uo

1024 2437 1164 2477 oriunda,
1180 2439 1312 2481 ideoque
1326 2442 1476 2473 immensa
1489 2449 1536 2473 est
1548 2442 1679 2474 fixarum
1693 2454 1712 2474 a
1725 2443 1854 2475 Tellure

1024 2482 1176 2513 distantia.
1239 2483 1309 2514 Sive
1337 2490 1442 2515 autem
1468 2486 1565 2516 Terra
1592 2493 1760 2521 moveatur,
1790 2484 1855 2517 sive

1025 2525 1170 2564 quiescat,
1185 2525 1287 2556 stellas
1301 2526 1376 2556 fixas
1390 2527 1548 2558 immensis
1561 2527 1727 2558 intervallis
1740 2539 1760 2558 a
1775 2528 1853 2558 Ter-

1025 2566 1062 2597 ra
1085 2567 1198 2598 distare
1220 2569 1422 2600 certissimum
1442 2576 1496 2605 est,
1518 2580 1591 2600 nam
1605 2570 1784 2608 parallaxim
1797 2580 1853 2600 an-

1026 2619 1123 2640 nuam
1145 2610 1267 2641 minuto
1288 2612 1389 2650 primo
1411 2612 1505 2653 longe
1528 2612 1679 2642 minorem
1697 2622 1763 2642 esse
1781 2621 1855 2643 con·

1027 2652 1164 2682 sentiunt
1177 2663 1285 2683 omnes
1306 2655 1482 2685 astronomi.
1531 2654 1701 2694 Fingamus
1714 2652 1786 2685 ver-2>
1799 2664 1855 2684 an-

1028 2703 1124 2724 nuam
1147 2695 1218 2725 fixae
1236 2695 1366 2736 alicujus
1383 2696 1575 2735 proximioris
1594 2696 1771 2734 par-allaxim
1792 2706 1856 2728 esse

1028 2735 1123 2766 unius
1136 2737 1249 2768 minuti
1263 2738 1363 2776 primi,
1387 2748 1406 2768 a
1426 2738 1552 2769 Tellure
1565 2738 1689 2768 distabit
1702 2738 1790 2769 stella
1803 2738 1858 2769 illa

1030 2782 1115 2810 8487
1130 2779 1377 2810 semi-diametris
1395 2780 1502 2811 orbitae
1514 2790 1609 2820 quam
1622 2780 1766 2811 describit
1782 2781 1859 2822 Ter-

1031 2831 1074 2858 ra,
1090 2821 1242 2862 siquidem
1255 2821 1341 2852 sinus
1354 2822 1448 2852 unius
1458 2822 1571 2852 minuti
1579 2828 1625 2853 est
1637 2822 1678 2852 ad
1691 2822 1810 2853 radium
1823 2829 1859 2853 ut

1034 2866 1048 2893 1
1067 2863 1108 2894 ad
1121 2867 1215 2900 3457,
1238 2870 1270 2894 et
1294 2864 1318 2893 si
1331 2863 1569 2894 semi-diameter
1582 2865 1688 2895 orbitae
1701 2866 1740 2895 sit
1755 2869 1861 2896 20000

163 2903 261 2944 gpatjo
284 2907 336 2934 23,
351 2903 418 2933 hor.
436 2899 495 2931 56¹.
513 2898 560 2930 4''.
579 2899 705 2939 circiter,
730 2909 762 2935 et
784 2906 865 2937 circa
886 2906 989 2937 Solem
1031 2905 1461 2940 semi-diametrorumTenae,
1473 2905 1861 2939 adminimumoe74oooo

163 2945 328 2976 revolvitur
351 2943 446 2975 unius
470 2942 544 2973 anni
569 2941 749 2983 interva1103
778 2946 990 2988 circulumque
1036 2947 1141 2978 Terrae
1157 2948 1254 2987 ipsius
1275 2948 1522 2978 semi-diametris
1539 2948 1663 2980 distabit
1675 2949 1737 2980 lixa
1750 2961 1770 2981 a
1785 2949 1861 2981 Tet-

164 2986 306 3019 describit
326 2987 384 3027 qui,
402 2985 542 3024 ecliptica
555 2985 604 3014 vel
624 2986 705 3017 orbis
719 2998 842 3020 annuus
855 2991 990 3030 appella.-
1033 2989 1111 3020 lure.
1728 3023 1732 3027 ⁴
1850 3022 1852 3024 ,

165 3036 216 3060 tur
273 3029 401 3060 Referat
416 3028 438 3059 S
455 3027 567 3065 Solem,
584 3026 623 3058 sit
640 3028 666 3059 F
681 3030 768 3062 stella
779 3031 840 3063 fixa
853 3032 886 3063 in
901 3033 994 3072 eclip-
1063 3034 1113 3063 73.
1126 3031 1318 3065 Christianus
1325 3033 1533 3075 Hugeniusin
1542 3035 1778 3067 Cosmotbeoriae
1790 3037 1859 3068 Lib.

988 3087 1050 3118 F2
