2092 3470
152 185 258 227 eu».
279 183 339 237 1.]
646 181 734 224 AD
764 180 1061 224 TERTIUM
1090 181 1353 225 LIBRUM.
1768 183 1854 224 xvii

149 301 206 343 ad
234 307 389 351 ortum,
417 306 465 341 ut
488 297 723 341 inveniatur
751 310 871 339 arcus
900 296 1120 354 aequatoris
1141 296 1241 338 dato
1259 303 1447 352 tempore
1467 298 1591 339 solari
1608 297 1748 340 medio
1777 296 1854 338 sub

145 372 376 416 meridiano
387 371 610 421 nausiam,
632 370 794 412 dicatur
813 379 861 413 ut
879 375 934 412 24
954 370 1073 412 horae
1093 369 1247 412 solares
1268 369 1324 411 ad
1343 369 1486 410 datum
1513 378 1678 426 tempus
1707 370 1854 420 solare,

145 445 205 489 ita
236 450 341 489 3600
374 445 444 488 59¹
475 446 526 487 8''
561 444 655 487 20¹⁹
699 443 754 486 ad
783 456 927 485 arcum
955 443 1188 500 quaesitum.
1252 442 1338 484 His
1366 442 1493 498 igitur
1518 442 1856 497 proportionibus

145 525 310 573 tempus
338 517 473 559 solare
500 516 687 558 medium
704 515 772 557 vel
795 523 960 571 tempus
980 514 1188 556 sidereum
1207 513 1462 555 convertitur
1480 513 1525 553 in
1542 513 1697 568 gradus
1717 529 1857 570 aequa-

145 591 247 643 toris
267 598 310 632 et
327 588 485 632 contra.
537 588 676 631 Facile
696 597 834 630 autem
852 596 967 644 patet
984 603 1039 630 ex
1058 588 1180 630 dictis
1195 587 1308 630 diem
1323 587 1501 630 solarem
1519 586 1704 628 medium
1717 601 1857 646 {equa-

144 662 229 706 lem
247 667 412 725 esse·24.·
432 661 546 703 horis
566 660 737 702 sidereis
758 674 853 701 cum
875 660 914 701 3'
934 660 1012 702 56''
1035 659 1137 701 32¹⁶.

206 739 272 780 17.
306 735 352 778 Si
379 734 623 775 observetur
651 731 826 773 altitudo
855 731 1086 773 meridiana
1107 729 1216 772 Solis
1237 738 1280 771 et
1299 729 1398 771 dato
1418 737 1515 770 ante
1533 727 1600 769 vel
1618 735 1716 783 post
1733 727 1858 768 meri-

145 806 258 850 diem
285 814 473 861 tempore
503 805 747 846 observetur
775 803 900 845 etiam
919 803 1095 844 altitudo
1115 801 1345 844 meridiana
1364 800 1494 842 stellae
1513 800 1699 855 alicujus,
1731 798 1859 841 stelloe

142 877 268 934 hujus
298 877 510 919 dabuntur
540 875 762 918 declinatio
791 883 834 916 et
867 874 1052 916 ascensio
1086 882 1212 915 recta.
1274 873 1387 914 Nam
1417 887 1472 913 ex
1505 871 1602 913 data
1639 870 1858 914 altitudine

143 948 372 992 meridiana
404 947 512 990 Solis
541 946 664 988 datur
692 947 779 1002 ejus
809 945 996 988 ascensio
1027 953 1142 986 recta
1174 945 1267 999 (14)
1304 952 1346 985 et
1379 951 1568 998 tempore
1602 942 1717 999 quod
1749 943 1859 984 inter

145 1022 250 1064 duas
279 1019 585 1063 observationes
613 1018 833 1060 intercedit
862 1018 907 1058 in
941 1031 1085 1059 arcum
1120 1016 1341 1073 aequatoris
1373 1030 1575 1056 converso
1609 1014 1700 1069 (16)
1736 1013 1861 1055 datur

145 1109 266 1137 arcus
285 1092 504 1150 aequatoris
525 1091 597 1148 qui
615 1099 805 1146 tempore
824 1091 932 1132 inter
951 1090 1055 1131 duas
1076 1089 1387 1130 observationes
1405 1087 1546 1142 elapso
1565 1101 1643 1142 per
1668 1085 1861 1128 meridia-

144 1182 248 1210 num
276 1168 445 1216 transit3
473 1165 543 1207 hic
572 1179 691 1206 arcus
718 1164 896 1206 addatur
914 1162 982 1205 vel
1002 1161 1258 1203 subducatur
1277 1160 1509 1202 ascensioni
1527 1167 1653 1201 rectae
1676 1158 1798 1209 Solis,
1820 1167 1863 1200 et

146 1253 308 1283 summa
326 1238 392 1280 vel
412 1236 642 1278 differentia
661 1236 740 1276 erit
760 1234 947 1276 ascensio
967 1241 1082 1274 rocta
1107 1232 1252 1275 stellae.
1313 1231 1553 1275 Declinatio
1572 1238 1712 1272 autem
1732 1230 1863 1272 stellae

146 1328 201 1356 ex
218 1311 308 1368 ipsa
328 1310 543 1353 altitudine
563 1310 651 1364 ejus
671 1306 899 1350 meridiana
920 1306 1080 1347 eruitur
1101 1306 1209 1359 (14).
1272 1303 1403 1353 Quod
1423 1303 1458 1344 si
1479 1312 1669 1345 centrum
1691 1302 1801 1345 Solis
1821 1310 1863 1345 et

146 1392 336 1427 centrum
370 1382 501 1424 stellae
532 1380 578 1421 in
615 1378 847 1420 meridiano
886 1376 1010 1419 simul
1048 1375 1326 1430 reperiantur,
1367 1374 1514 1416 eadem
1548 1382 1612 1416 est
1649 1374 1864 1431 utriusque

147 1454 332 1497 ascensio
351 1460 476 1495 recta.
745 1498 755 1504 ,

207 1531 274 1567 18.
304 1524 427 1566 Datis
457 1522 731 1564 declinatione
760 1528 802 1562 et
830 1518 1073 1562 ascensione
1102 1516 1216 1559 recta
1243 1518 1388 1568 stellae,
1411 1517 1564 1559 dantur
1582 1517 1710 1572 ipsius
1729 1516 1864 1574 longi-

146 1595 249 1638 tudo
278 1602 320 1637 et
347 1593 534 1640 latitudo.
597 1593 730 1635 Sunto
760 1591 820 1632 AE
848 1591 892 1640 Q
925 1597 1126 1646 aequator,
1159 1587 1198 1631 E
1221 1588 1260 1632 L
1279 1589 1481 1645 ecliptica,
1505 1589 1543 1631 P
1561 1588 1682 1644 polus
1702 1588 1863 1640 mundi,

148 1668 202 1711 M
220 1668 341 1724 polus
356 1666 569 1722 eclipticae,
594 1666 625 1708 S
645 1665 774 1715 stella,
811 1664 847 1705 P
867 1664 897 1706 S
912 1663 958 1705 D

146 1739 353 1797 quadrans
393 1737 536 1780 circuli
575 1735 872 1787 declinationis,
914 1742 957 1776 et

146 1810 200 1853 M
217 1811 320 1862 SK,
335 1809 543 1868 quadrans
556 1809 700 1851 circuli
714 1806 955 1850 latitudinis.

146 1883 406 1937 Quaeruntur
417 1899 536 1927 arcus
550 1892 591 1922 ‘Y’
605 1883 668 1925 vel
684 1893 728 1918 9-
744 1881 786 1924 K
800 1889 842 1923 et
855 1881 898 1922 K
913 1880 956 1922 S.

147 1955 201 1998 ln
235 1957 444 2014 triangulo
477 1957 514 1998 P
547 1955 577 1997 S
610 1954 663 1997 M
695 1954 818 1996 datur
847 1953 956 1994 latus

147 2028 186 2071 P
207 2028 260 2070 M
280 2043 353 2070 seu
373 2028 567 2069 distantia
585 2027 781 2082 polorum
799 2026 835 2067 P
847 2032 889 2066 et
905 2023 958 2066 M

149 2103 227 2142 230
260 2102 341 2150 29',
375 2099 498 2140 datur
526 2112 692 2154 quoque
720 2097 828 2138 latus
860 2095 896 2137 P
927 2096 958 2137 S

145 2170 432 2214 declinationis
470 2171 500 2212 S
531 2170 578 2211 D
610 2168 958 2224 complementum

146 2241 477 2300 etangulusM
511 2241 547 2283 P
581 2240 957 2289 SseuAEPD,

147 2316 263 2372 cujus
276 2329 472 2357 mensura
487 2321 550 2356 est
564 2328 684 2355 arcus
702 2312 760 2354 AE
777 2313 822 2355 D
838 2312 959 2354 datus

146 2386 203 2428 ob
234 2385 352 2428 datos
381 2400 458 2441 per
486 2384 773 2426 ascensionem
802 2391 959 2424 rectam
1026 2428 1029 2432 s

147 2471 292 2500 arcum
310 2465 352 2495 ‘V‘
383 2456 430 2499 D
450 2456 516 2498 vel
534 2465 579 2491 ὲ
605 2455 651 2498 D
681 2463 723 2497 et
752 2454 958 2511 quadran-

147 2536 233 2571 tem
273 2529 332 2571 AE
378 2536 436 2570 ‘v'-
525 2526 669 2579 Quare
719 2532 814 2584 (per
861 2529 957 2585 trig.

147 2599 322 2658 sphaer.)
353 2600 562 2643 invenitur
590 2599 699 2642 latus
730 2599 784 2642 M
814 2601 846 2643 S
874 2598 1104 2642 latitudinis
1130 2601 1161 2644 S
1190 2600 1233 2642 K
1257 2600 1607 2656 complementum
1627 2606 1669 2641 et
1687 2597 1862 2656 angulus

151 2673 218 2724 M,
249 2674 366 2729 cujus
394 2688 591 2715 mensura
618 2681 682 2715 est
710 2687 830 2714 arcus
862 2670 905 2714 K
937 2673 999 2723 L;
1033 2688 1086 2714 ex
1116 2673 1260 2714 circuli
1290 2672 1516 2729 quadrante
1536 2680 1578 2709 ‘v'
1608 2671 1648 2712 L
1670 2670 1736 2712 vel
1757 2679 1802 2705 ὑ
1824 2669 1863 2711 L

151 2744 404 2787 subducatur
427 2745 470 2786 K
490 2743 543 2795 L,
572 2751 614 2786 et
642 2744 811 2786 dabitur
830 2751 871 2782 ‘v’
898 2743 941 2786 K
967 2743 1186 2801 longitudo
1206 2743 1336 2785 stellae
1359 2744 1401 2786 S.
1464 2743 1581 2784 Hinc
1601 2741 1723 2783 etiam
1744 2739 1864 2783 facile

150 2824 266 2873 putet
284 2814 496 2872 quomodo
516 2815 624 2857 datis
644 2815 908 2873 longitudine
930 2823 973 2853 Ὗ·
1000 2814 1044 2856 K
1066 2823 1109 2857 et
1127 2815 1346 2856 latitudine
1369 2814 1410 2856 K
1434 2814 1464 2855 S
1483 2813 1612 2855 stellae
1632 2814 1664 2855 S
1690 2813 1866 2854 inveniri

153 2890 286 2944 possit
305 2890 433 2945 ipsius
454 2890 642 2931 ascensio
661 2898 776 2932 recta
794 2897 837 2931 et
857 2889 1092 2932 declinatio.
1153 2887 1265 2930 Nam
1288 2888 1386 2928 dato
1405 2893 1447 2924 ‘v'
1472 2885 1515 2927 K
1533 2885 1658 2927 datur
1679 2885 1722 2926 K
1743 2885 1795 2935 L,
1822 2892 1866 2926 et

157 2959 255 3002 inde
285 2960 406 3002 datur
435 2960 611 3018 angulus
643 2961 675 3004 S
706 2960 758 3004 M
789 2960 839 3012 P,
870 2968 913 3003 et
941 2959 1041 3002 dato
1062 2960 1093 3003 S
1115 2959 1172 3011 K,
1194 2959 1315 3002 datur
1336 2959 1368 3001 S
1389 2957 1454 3009 M,
1477 2956 1587 3000 unde
1606 2955 1703 2998 cum
1722 2956 1865 2998 datum

214 3031 294 3064 Vox.
312 3031 384 3064 III.
980 3037 1011 3068 Β
