2092 3470
169 221 315 265 Lan-:R
330 223 568 274 Turnus]
610 218 931 264 PRINCIPIA
960 218 1453 262 MATHEMATICA.
1806 223 1856 260 91

167 337 463 378 antecedentia.
523 335 670 377 Motus
699 334 826 375 medii
853 333 1060 375 nodorum
1090 332 1311 373 satellitum
1330 333 1572 374 interiorum
1591 341 1686 375 sunt
1704 333 1759 375 ad
1775 348 1865 374 mo-

162 415 253 448 tum
284 407 419 463 hujuS,
454 414 502 448 ut
531 406 699 448 illorum
723 414 915 461 tempora
943 396 1156 460 periodica
1181 404 1238 446 ad
1269 412 1432 459 tempus
1460 407 1719 459 periodicum
1742 405 1866 461 hujus

163 480 256 532 (per
286 477 397 518 idem
432 476 724 529 Corollarium)
757 484 798 518 et
831 476 929 517 inde
962 476 1128 517 dantur.
1188 474 1334 516 Motus
1366 483 1507 515 autem
1534 477 1651 532 augis
1682 476 1865 518 satellitis

161 548 357 603 cujusque
385 547 431 588 in
460 547 754 603 consequentia
782 554 845 588 est
874 546 928 588 ad
953 554 1113 588 motum
1133 545 1340 587 nodorum
1359 545 1486 600 ipsius
1505 546 1550 586 in
1568 548 1863 598 antecedentia,

159 628 206 661 ut
235 629 373 662 motus
408 621 572 678 apogaei
604 621 739 662 Lunae
770 628 923 661 nostrae
955 619 1010 660 ad
1041 618 1164 674 hujus
1190 626 1354 660 motum
1381 617 1602 668 nodorum,
1634 621 1727 673 (per
1754 620 1866 662 idem

161 691 320 744 Corol.)
344 696 387 733 et
404 692 504 734 inde
524 692 659 734 datur.
718 692 911 734 Diminui
930 700 1070 733 tamen
1090 690 1216 732 debet
1233 698 1369 731 motus
1390 690 1507 746 augis
1528 690 1586 731 sic
1611 690 1801 733 inventus
1820 693 1866 735 in

155 764 316 806 ratione
337 770 362 806 5
384 764 438 805 ad
458 771 483 806 9
504 765 570 805 vel
594 770 612 806 1
637 764 690 806 ad
711 770 737 805 2
758 764 931 814 circiter,
964 764 1012 818 (0)
1034 762 1088 804 ob
1108 776 1275 804 causam
1294 777 1419 818 quam
1446 761 1515 803 hic
1545 776 1752 817 exponere
1779 777 1866 804 non

156 843 286 877 vacat.
347 834 399 889 (‘¹)
420 834 696 890 AEquationes
715 835 908 876 maximae
927 833 1134 874 nodorum
1153 841 1195 875 et
1213 834 1330 890 augis
1358 833 1541 875 satellitis
1562 834 1759 889 cujusque
1779 834 1865 875 fere

155 914 253 949 sunt
291 905 345 947 ad
378 906 629 961 aequationes
662 905 863 946 maximas
897 904 1106 945 nodorum
1139 911 1182 945 et
1213 904 1331 960 augis
1367 904 1502 945 Lunae
1536 903 1776 958 respective,
1817 913 1866 947 ut

153 986 291 1021 motus
310 977 519 1019 nodorum
538 986 580 1018 et
597 977 713 1033 augis
734 976 954 1025 satellitum
967 984 1154 1031 tempore
1168 976 1290 1016 unius
1305 971 1570 1016 revolutionis
1586 977 1864 1031 aequationum

153 1053 355 1109 priorum,
386 1053 440 1094 ad
461 1060 598 1094 motus
617 1052 825 1093 nodorum
844 1059 886 1092 et
909 1051 1072 1107 apogaei
1091 1050 1226 1092 Lunae
1245 1058 1433 1105 tempore
1453 1050 1576 1090 unius
1595 1049 1862 1091 revolutionis

151 1124 431 1180 aequationum
459 1123 750 1178 posteriorum.
813 1123 863 1177 (Ε)
895 1121 1084 1163 Variatio
1113 1121 1298 1163 satellitis
1327 1136 1350 1162 e
1378 1121 1483 1162 Jove
1510 1121 1693 1176 spectati,
1720 1129 1782 1163 est
1807 1122 1863 1163 ad

148 1195 418 1238 variationem
448 1194 596 1245 Lunae,
629 1203 677 1236 ut
707 1202 803 1235 sunt
833 1193 901 1235 ad·
915 1193 1092 1235 invicem
1121 1193 1198 1234 toti
1216 1200 1353 1234 motus
1372 1192 1581 1234 nodorum
1605 1193 1860 1247 temporibus

150 1268 299 1324 quibus
328 1266 492 1308 satelles
521 1274 563 1308 et
593 1266 717 1308 Luna
745 1265 799 1306 ad
832 1265 972 1307 Solem
1002 1264 1281 1314 revolvuntur,
1311 1278 1389 1319 per
1415 1263 1527 1305 idem
1556 1260 1858 1314 Corollarium3

148 1339 327 1396 ideoque
345 1339 389 1380 in
410 1338 585 1380 satellite
604 1338 761 1379 extimo
781 1351 868 1378 non
888 1344 1057 1392 superat
1077 1337 1142 1378 5''.
1167 1336 1270 1377 12¹¹st

143 1453 298 1484 nodorum
320 1452 458 1484 satellitis
478 1451 585 1483 extimi
606 1451 695 1483 Jovis
709 1461 774 1482 esse
788 1456 908 1490 partem
921 1450 980 1481 cir-

144 1497 220 1527 citer
241 1500 314 1526 250.
332 1495 435 1526 motus
460 1495 614 1525 nodorum
640 1494 752 1530 Lunoe,
773 1493 826 1523 sed
847 1499 893 1523 est
913 1503 982 1523 mo-

141 1547 193 1569 tus
207 1548 331 1569 annuus
347 1537 499 1568 nodorum
509 1537 612 1567 Lunae
629 1535 696 1567 190.
712 1536 770 1566 21¹.
784 1531 865 1572 21⁷2,
877 1541 915 1565 ut
928 1534 979 1565 di-

145 1586 234 1611 cetur
248 1586 362 1619 postea.
410 1579 508 1609 Hisce
529 1579 555 1609 si
573 1578 796 1616 multiplicetur
808 1583 916 1608 motus
924 1576 979 1607 ine

142 1633 266 1654 annuus
290 1632 345 1663 per
369 1625 431 1653 100
454 1621 633 1661 factumque
654 1620 808 1651 dividatur
827 1624 884 1659 per
904 1622 977 1656 230,

1021 1448 1158 1490 prodibit
1177 1454 1281 1480 motus
1302 1448 1457 1480 nodorum
1477 1448 1615 1479 satellitis
1627 1448 1788 1479 intervallo
1801 1457 1856 1478 an-

1023 1501 1136 1523 norum
1151 1498 1277 1522 centum
1292 1491 1341 1522 80.
1361 1491 1420 1522 24'.
1677 1527 1679 1529 Ι

1019 1534 1142 1565 nullum
1158 1536 1192 1564 in
1206 1533 1296 1564 nodis
1314 1533 1482 1564 satellitum
1498 1533 1661 1574 jovialium
1680 1533 1854 1563 sensibilem

1019 1582 1140 1607 motum
1155 1576 1252 1606 fuisse
1266 1578 1462 1607 observatum
1475 1581 1605 1607 testatur
1618 1576 1731 1606 clariss.
1753 1574 1854 1606 Cassi·

1020 1629 1082 1649 nus
1094 1618 1129 1648 in
1145 1618 1249 1650 Elem.
1266 1619 1352 1649 Astr.

1470 1492 1522 1522 Ab
1535 1491 1630 1531 hujus
1643 1491 1749 1521 saeculi
1768 1491 1856 1520 initio

185 2232 230 2275 (⁸)
250 2235 320 2265 105.
348 2235 390 2266 01>
410 2243 537 2266 causam
559 2246 654 2276 quom
679 2235 726 2267 hic
745 2246 887 2276 exponere
911 2248 974 2268 non

138 2282 237 2307 vacat.
285 2277 413 2307 Refemt
429 2278 451 2307 S
469 2278 581 2313 Solem,
597 2279 696 2318 sitque
714 2279 742 2309 P
756 2278 884 2316 satelles,
900 2280 975 2319 puta

140 2317 236 2349 Luna
263 2319 421 2349 revolvens
448 2319 527 2350 circa
552 2318 706 2359 planetam
734 2321 916 2360 primarium
943 2323 972 2352 T

139 2360 256 2391 scilieet
278 2362 416 2399 Terram,
432 2362 466 2392 in
487 2363 628 2402 ellipseos
647 2363 797 2394 umbilico
817 2364 972 2403 positum;

141 2402 199 2433 erit
215 2404 244 2433 B
260 2404 340 2443 apsis
355 2414 486 2441 summa,
512 2409 543 2435 A
559 2405 639 2444 apsis
653 2405 725 2442 ima,
745 2406 862 2447 eritque
886 2407 915 2436 T
933 2407 972 2443 B,

141 2444 285 2476 distantia
313 2447 449 2477 maxima
476 2453 507 2477 et
539 2450 568 2477 A
601 2448 630 2478 T
658 2448 801 2478 distantia
832 2449 971 2479 minima.

140 2487 216 2518 Jam
230 2487 302 2519 vero
316 2487 380 2529 quo
394 2489 496 2519 minor
510 2489 712 2521 &distantia
732 2491 760 2520 A
778 2491 817 2527 T,
834 2497 973 2529 respectu

141 2529 293 2560 distantiae
310 2531 339 2561 T
351 2531 391 2568 B,
407 2529 444 2562 εδ
456 2532 585 2567 celerius
595 2532 714 2572 apsides
723 2533 971 2574 progrediuntur,

141 2573 212 2645 §.per
233 2577 298 2603 not.
322 2572 356 2602 in
383 2573 454 2604 Cor.
479 2578 509 2604 8.
538 2575 630 2614 Prop.
658 2575 790 2606 LXVI.
817 2575 888 2605 Lib.
917 2575 973 2615 1.).

173 2624 193 2644 a
206 2620 252 2644 est
265 2615 460 2645 correctionis
474 2626 565 2647 causa
579 2628 672 2658 quam
687 2624 776 2648 autor
791 2623 893 2648 noster
907 2627 971 2647 non

138 2657 280 2695 exponitae
323 2656 408 2687 cum
428 2658 511 2688 enim
533 2660 676 2690 satellites
697 2659 786 2690 Jovis
799 2666 831 2691 et
847 2660 972 2690 Saturni

138 2698 220 2730 eirca
240 2709 312 2729 suos
332 2699 469 2739 planetas
482 2701 642 2739 primarios
655 2701 827 2733 describant
840 2700 973 2733 circulos

137 2741 202 2773 fere
223 2741 432 2773 concentricos
454 2743 578 2785 (Phaen.
600 2744 627 2774 Ι.
645 2750 676 2774 et
699 2743 767 2784 ΙΙ.)
785 2745 879 2775 Luna
898 2743 971 2776 vero

139 2784 220 2815 circa
247 2785 374 2815 Terram
400 2785 435 2815 in
459 2783 558 2815 orbita
579 2786 714 2825 elliptica
734 2787 917 2823 revolvatur,
941 2793 972 2818 et

138 2827 237 2867 major
250 2827 289 2858 sit
301 2833 405 2858 motus
416 2827 567 2857 nodorum
579 2827 613 2858 in
623 2829 720 2860 orbita
731 2827 867 2869 elliptica
876 2827 972 2870 quam

138 2868 173 2898 in
192 2869 342 2907 circulari,
368 2869 486 2900 coeteris
508 2869 652 2900 omnibus
670 2873 875 2909 manentibus,
897 2872 971 2902 hinc

139 2917 244 2941 motus
252 2912 340 2952 augis
350 2913 575 2952 cujuscumque
585 2913 722 2943 satellitis
733 2924 788 2953 per
796 2914 971 2954 analogiam

141 2962 178 2982 ex
193 2959 282 2984 motu
291 2955 380 2995 augis
394 2954 510 2984 lunaris
523 2954 675 2991 inventus,
687 2955 818 2987 diminui
833 2956 923 2987 debet
937 2957 970 2986 iu

141 2994 260 3026 ratione
281 2995 375 3034 paulo
396 2997 516 3027 minore
532 2994 627 3036 quam
645 3000 657 3026 1
676 2997 715 3027 ad
730 3002 759 3034 2,
775 2998 895 3029 calculo
908 3009 972 3029 non

141 3036 272 3067 absimili
287 3038 332 3068 illi
346 3039 400 3079 qui
418 3037 555 3069 XXXI.
578 3039 670 3078 Prop.
686 3039 873 3071 instituetur.

187 3090 230 3133 (ἀ)
249 3094 265 3111 ⁸
283 3094 487 3134 AEquationes
502 3094 648 3124 mazimae.
691 3093 774 3124 Nam
788 3104 903 3125 errores
916 3104 972 3126 an-

1016 2237 1139 2278 gulares
1152 2237 1185 2267 in
1200 2236 1331 2278 singulis
1344 2233 1587 2267 revolutionibus
1598 2234 1705 2276 geniti,
1717 2233 1848 2276 ideoque

1017 2279 1197 2309 eorumdem
1218 2290 1352 2309 errorem
1374 2279 1575 2309 correctiones
1592 2289 1647 2308 seu
1663 2278 1849 2318 aequationes

1016 2322 1160 2352 maximae
1171 2327 1244 2352 sunt
1258 2328 1293 2352 ut
1307 2321 1472 2352 satellitum
1484 2327 1622 2359 tempora
1636 2320 1789 2359 periodica
1799 2330 1847 2352 ree

1017 2363 1149 2402 spective
1169 2366 1238 2405 (per
1262 2364 1333 2394 Cor.
1355 2367 1403 2394 16.
1429 2363 1522 2401 Prop.
1541 2363 1674 2393 LXVI.
1694 2362 1765 2392 Lib.
1786 2362 1843 2401 L).

1101 2413 1239 2445 tempora
1253 2406 1406 2445 periodica
1421 2412 1495 2435 sunt
1508 2411 1543 2435 ut
1557 2411 1660 2434 motus
1673 2404 1730 2443 ipsi
1746 2414 1846 2444 angu-

1016 2448 1094 2479 lares
1107 2448 1271 2487 respective
1288 2449 1372 2490 (Lib.
1390 2447 1446 2487 Ι.).
1479 2448 1584 2483 Quare
1599 2447 1630 2476 in
1646 2445 1754 2476 eadem
1770 2456 1846 2486 quo-

1015 2501 1077 2531 que
1091 2493 1209 2521 ratione
1223 2497 1296 2520 sunt
1310 2490 1495 2530 aequationes
1509 2489 1661 2519 maximae.

1059 2530 1106 2575 (θ)
1130 2536 1147 2553 ³¹
1181 2534 1314 2564 Variatio
1337 2534 1471 2564 satellitis
1495 2543 1510 2562 e
1533 2534 1608 2564 Jove
1629 2532 1763 2570 spectati,
1786 2530 1846 2561 hoc

1014 2581 1070 2612 est,
1092 2581 1195 2606 motus
1215 2575 1372 2616 angularis
1390 2575 1527 2605 satellitis
1541 2579 1586 2603 est
1600 2573 1639 2604 ad
1654 2579 1774 2604 motum
1790 2582 1846 2602 an-

1013 2617 1153 2659 gularem
1181 2618 1282 2648 Luuae
1306 2623 1343 2648 ut
1365 2623 1438 2648 sunt
1457 2616 1498 2646 ad
1516 2615 1645 2646 invicem
1666 2615 1723 2645 toti
1742 2620 1847 2645 motus

1014 2660 1168 2691 nodorum
1182 2660 1370 2699 temporibus
1387 2660 1499 2700 quibus
1517 2657 1637 2688 satelles
1651 2665 1682 2687 et
1697 2657 1792 2687 Luna
1805 2656 1847 2687 ad

1018 2702 1121 2733 Solem
1135 2703 1343 2737 revolvuntur,
1365 2701 1428 2732 sive
1443 2700 1556 2731 clarius
1569 2700 1602 2729 in
1617 2699 1734 2730 ratione
1748 2698 1845 2729 nodo-

1014 2755 1085 2775 rum
1102 2745 1204 2775 Lunae
1218 2744 1257 2775 ad
1271 2751 1391 2775 motum
1407 2743 1559 2774 nodorum
1571 2751 1710 2772 aunuum
1724 2747 1756 2772 et
1766 2747 1845 2772 tem-

1007 2787 1097 2826 poris
1117 2787 1263 2827 periodici
1285 2787 1388 2817 Lunae
1401 2785 1440 2816 ad
1455 2791 1578 2824 tempus
1592 2783 1783 2822 periodicum
1796 2793 1845 2814 sa-

1013 2829 1119 2860 tellitis
1139 2831 1208 2871 (per
1230 2830 1300 2860 Cor.
1321 2833 1370 2859 16.
1402 2828 1495 2866 Prop.
1516 2826 1647 2857 LXVI.
1675 2825 1746 2856 Lib.
1765 2826 1794 2856 Ι.
1813 2832 1861 2856 et.

1014 2877 1078 2903 not.
1096 2872 1130 2902 in
1153 2872 1236 2902 idem
1260 2871 1392 2910 corut).
1450 2870 1524 2901 Jam
1546 2867 1618 2899 vero
1631 2874 1734 2898 motus
1747 2867 1844 2899 nodo-

1013 2924 1085 2945 rum
1101 2914 1203 2944 Lunae
1218 2923 1341 2943 annuus
1355 2918 1400 2942 est
1415 2911 1545 2944 69681'2
1563 2917 1599 2942 ut
1617 2909 1723 2950 postea
1736 2910 1845 2941 statui-

1013 2962 1065 2987 tur
1089 2967 1108 2987 a
1134 2957 1298 2991 Newtono,
1326 2954 1426 2985 nodus
1450 2960 1554 2985 autem
1576 2953 1712 2984 satellitis
1737 2952 1845 2983 extimi

1009 2998 1133 3041 jovialis
1161 2998 1250 3028 annis
1270 3003 1395 3028 centum
1416 2997 1539 3028 conficit
1559 2994 1608 3026 80.
1627 2994 1686 3025 24'.
1711 2993 1845 3035 ideoque

1016 3058 1120 3082 motus
1133 3050 1269 3092 ejusdem
1284 3059 1408 3086 annuus
1426 3056 1472 3080 est
1490 3040 1586 3093 302151}¹
1610 3058 1732 3091 tempus
1744 3051 1846 3090 perio-

1014 3093 1121 3124 dicum
1151 3093 1252 3123 Lunae
1284 3099 1329 3124 est
1360 3092 1480 3124 dierum
1509 3097 1623 3126 275321
1655 3101 1686 3125 et
1710 3093 1848 3124 satellitis
